{"status":"OK","results":[{"ticker":"AAPL","period":"Q","calendarDate":"1997-09-30","reportPeriod":"1997-09-26","updated":"2020-05-01","dateKey":"1997-12-05","accumulatedOtherComprehensiveIncome":0,"assets":4233000000,"assetsCurrent":3424000000,"assetsNonCurrent":809000000,"bookValuePerShare":0.34,"cashAndEquivalents":1230000000,"cashAndEquivalentsUSD":1230000000,"currentRatio":1.883,"debtToEquityRatio":2.527,"debt":976000000,"debtCurrent":25000000,"debtNonCurrent":951000000,"debtUSD":976000000,"deferredRevenue":0,"deposits":0,"dividendYield":0,"dividendsPerBasicCommonShare":0,"shareholdersEquity":1200000000,"shareholdersEquityUSD":1200000000,"enterpriseValue":1770855778,"enterpriseValueOverEBIT":-2,"enterpriseValueOverEBITDA":-1.91,"foreignCurrencyUSDExchangeRate":1,"goodwillAndIntangibleAssets":0,"investedCapital":2161000000,"inventory":437000000,"investments":229000000,"investmentsCurrent":229000000,"investmentsNonCurrent":0,"totalLiabilities":3033000000,"currentLiabilities":1818000000,"liabilitiesNonCurrent":1215000000,"marketCapitalization":2024855778,"tradeAndNonTradePayables":685000000,"priceToBookValue":1.687,"priceEarnings":-1.938,"priceToEarningsRatio":-1.909,"propertyPlantEquipmentNet":486000000,"sharePriceAdjustedClose":0.565,"priceSales":0.286,"priceToSalesRatio":0.282,"tradeAndNonTradeReceivables":1035000000,"accumulatedRetainedEarningsDeficit":589000000,"shareFactor":1,"shares":3583815536,"weightedAverageShares":3529736000,"tangibleAssetValue":4233000000,"taxAssets":259000000,"taxLiabilities":264000000,"tangibleAssetsBookValuePerShare":1.199,"workingCapital":1606000000},{"ticker":"AAPL","period":"Q","calendarDate":"1997-12-31","reportPeriod":"1997-12-26","updated":"2020-05-01","dateKey":"1998-02-09","accumulatedOtherComprehensiveIncome":0,"assets":4126000000,"assetsCurrent":3373000000,"assetsNonCurrent":753000000,"bookValuePerShare":0.347,"capitalExpenditure":38000000,"cashAndEquivalents":1193000000,"cashAndEquivalentsUSD":1193000000,"costOfRevenue":1225000000,"consolidatedIncome":47000000,"currentRatio":2.021,"debtToEquityRatio":2.317,"debt":976000000,"debtCurrent":24000000,"debtNonCurrent":952000000,"debtUSD":976000000,"deferredRevenue":0,"depreciationAmortizationAndAccretion":28000000,"deposits":0,"dividendYield":0,"dividendsPerBasicCommonShare":0,"earningBeforeInterestTaxes":47000000,"earningsBeforeInterestTaxesDepreciationAmortization":75000000,"EBITDAMargin":0.048,"earningsBeforeInterestTaxesDepreciationAmortizationUSD":75000000,"earningBeforeInterestTaxesUSD":47000000,"earningsBeforeTax":47000000,"earningsPerBasicShare":0.013,"earningsPerDilutedShare":0.012,"earningsPerBasicShareUSD":0.013,"shareholdersEquity":1244000000,"shareholdersEquityUSD":1244000000,"enterpriseValue":2329491429,"freeCashFlow":181000000,"freeCashFlowPerShare":0.051,"foreignCurrencyUSDExchangeRate":1,"grossProfit":353000000,"grossMargin":0.224,"goodwillAndIntangibleAssets":0,"interestExpense":0,"investedCapital":2240000000,"inventory":404000000,"investments":434000000,"investmentsCurrent":434000000,"investmentsNonCurrent":0,"totalLiabilities":2882000000,"currentLiabilities":1669000000,"liabilitiesNonCurrent":1213000000,"marketCapitalization":2546491429,"netCashFlow":-37000000,"netCashFlowBusinessAcquisitionsDisposals":0,"issuanceEquityShares":1000000,"issuanceDebtSecurities":0,"paymentDividendsOtherCashDistributions":0,"netCashFlowFromFinancing":1000000,"netCashFlowFromInvesting":-181000000,"netCashFlowInvestmentAcquisitionsDisposals":-205000000,"netCashFlowFromOperations":143000000,"effectOfExchangeRateChangesOnCash":0,"netIncome":47000000,"netIncomeCommonStock":47000000,"netIncomeCommonStockUSD":47000000,"netLossIncomeFromDiscontinuedOperations":0,"netIncomeToNonControllingInterests":0,"profitMargin":0.03,"operatingExpenses":313000000,"operatingIncome":40000000,"tradeAndNonTradePayables":655000000,"payoutRatio":0,"priceToBookValue":2.047,"propertyPlantEquipmentNet":429000000,"preferredDividendsIncomeStatementImpact":0,"sharePriceAdjustedClose":0.685,"tradeAndNonTradeReceivables":902000000,"accumulatedRetainedEarningsDeficit":636000000,"revenues":1578000000,"revenuesUSD":1578000000,"researchAndDevelopmentExpense":79000000,"shareBasedCompensation":0,"sellingGeneralAndAdministrativeExpense":234000000,"shareFactor":1,"shares":3717505736,"weightedAverageShares":3583692000,"weightedAverageSharesDiluted":3915492000,"salesPerShare":0.44,"tangibleAssetValue":4126000000,"taxAssets":233000000,"incomeTaxExpense":0,"taxLiabilities":261000000,"tangibleAssetsBookValuePerShare":1.151,"workingCapital":1704000000},{"ticker":"AAPL","period":"Q","calendarDate":"1998-03-31","reportPeriod":"1998-03-27","updated":"2020-05-01","dateKey":"1998-05-11","accumulatedOtherComprehensiveIncome":0,"assets":3963000000,"assetsCurrent":3213000000,"assetsNonCurrent":750000000,"bookValuePerShare":0.376,"capitalExpenditure":-5000000,"cashAndEquivalents":1285000000,"cashAndEquivalentsUSD":1285000000,"costOfRevenue":1056000000,"consolidatedIncome":55000000,"currentRatio":2.322,"debtToEquityRatio":1.855,"debt":976000000,"debtCurrent":23000000,"debtNonCurrent":953000000,"debtUSD":976000000,"deferredRevenue":0,"depreciationAmortizationAndAccretion":28000000,"deposits":0,"dividendYield":0,"dividendsPerBasicCommonShare":0,"earningBeforeInterestTaxes":59000000,"earningsBeforeInterestTaxesDepreciationAmortization":87000000,"EBITDAMargin":0.062,"earningsBeforeInterestTaxesDepreciationAmortizationUSD":87000000,"earningBeforeInterestTaxesUSD":59000000,"earningsBeforeTax":59000000,"earningsPerBasicShare":0.015,"earningsPerDilutedShare":0.014,"earningsPerBasicShareUSD":0.015,"shareholdersEquity":1388000000,"shareholdersEquityUSD":1388000000,"enterpriseValue":3807275514,"freeCashFlow":148000000,"freeCashFlowPerShare":0.04,"foreignCurrencyUSDExchangeRate":1,"grossProfit":349000000,"grossMargin":0.248,"goodwillAndIntangibleAssets":0,"interestExpense":0,"investedCapital":2270000000,"inventory":257000000,"investments":538000000,"investmentsCurrent":538000000,"investmentsNonCurrent":0,"totalLiabilities":2575000000,"currentLiabilities":1384000000,"liabilitiesNonCurrent":1191000000,"marketCapitalization":4116275514,"netCashFlow":92000000,"netCashFlowBusinessAcquisitionsDisposals":0,"issuanceEquityShares":11000000,"issuanceDebtSecurities":0,"paymentDividendsOtherCashDistributions":0,"netCashFlowFromFinancing":11000000,"netCashFlowFromInvesting":-72000000,"netCashFlowInvestmentAcquisitionsDisposals":-104000000,"netCashFlowFromOperations":153000000,"effectOfExchangeRateChangesOnCash":0,"netIncome":55000000,"netIncomeCommonStock":55000000,"netIncomeCommonStockUSD":55000000,"netLossIncomeFromDiscontinuedOperations":0,"netIncomeToNonControllingInterests":0,"profitMargin":0.039,"operatingExpenses":298000000,"operatingIncome":51000000,"tradeAndNonTradePayables":523000000,"payoutRatio":0,"priceToBookValue":2.966,"propertyPlantEquipmentNet":415000000,"preferredDividendsIncomeStatementImpact":0,"sharePriceAdjustedClose":1.105,"tradeAndNonTradeReceivables":807000000,"accumulatedRetainedEarningsDeficit":691000000,"revenues":1405000000,"revenuesUSD":1405000000,"researchAndDevelopmentExpense":75000000,"shareBasedCompensation":0,"sellingGeneralAndAdministrativeExpense":223000000,"shareFactor":1,"shares":3725136212,"weightedAverageShares":3695132000,"weightedAverageSharesDiluted":4085620000,"salesPerShare":0.38,"tangibleAssetValue":3963000000,"taxAssets":201000000,"incomeTaxExpense":4000000,"taxLiabilities":238000000,"tangibleAssetsBookValuePerShare":1.072,"workingCapital":1829000000},{"ticker":"AAPL","period":"Q","calendarDate":"1998-06-30","reportPeriod":"1998-06-26","updated":"2020-05-01","dateKey":"1998-08-10","accumulatedOtherComprehensiveIncome":0,"assets":4041000000,"assetsCurrent":3375000000,"assetsNonCurrent":666000000,"bookValuePerShare":0.399,"capitalExpenditure":17000000,"cashAndEquivalents":1203000000,"cashAndEquivalentsUSD":1203000000,"costOfRevenue":1042000000,"consolidatedIncome":101000000,"currentRatio":2.43,"debtToEquityRatio":1.719,"debt":953000000,"debtCurrent":0,"debtNonCurrent":953000000,"debtUSD":953000000,"deferredRevenue":0,"depreciationAmortizationAndAccretion":32000000,"deposits":0,"dividendYield":0,"dividendsPerBasicCommonShare":0,"earningBeforeInterestTaxes":109000000,"earningsBeforeInterestTaxesDepreciationAmortization":141000000,"EBITDAMargin":0.101,"earningsBeforeInterestTaxesDepreciationAmortizationUSD":141000000,"earningBeforeInterestTaxesUSD":109000000,"earningsBeforeTax":109000000,"earningsPerBasicShare":0.027,"earningsPerDilutedShare":0.023,"earningsPerBasicShareUSD":0.027,"shareholdersEquity":1486000000,"shareholdersEquityUSD":1486000000,"enterpriseValue":4858218153,"freeCashFlow":173000000,"freeCashFlowPerShare":0.046,"foreignCurrencyUSDExchangeRate":1,"grossProfit":360000000,"grossMargin":0.257,"goodwillAndIntangibleAssets":0,"interestExpense":0,"investedCapital":2402000000,"inventory":129000000,"investments":790000000,"investmentsCurrent":790000000,"investmentsNonCurrent":0,"totalLiabilities":2555000000,"currentLiabilities":1389000000,"liabilitiesNonCurrent":1166000000,"marketCapitalization":5108218153,"netCashFlow":-82000000,"netCashFlowBusinessAcquisitionsDisposals":24000000,"issuanceEquityShares":2000000,"issuanceDebtSecurities":-23000000,"paymentDividendsOtherCashDistributions":0,"netCashFlowFromFinancing":-21000000,"netCashFlowFromInvesting":-217000000,"netCashFlowInvestmentAcquisitionsDisposals":-252000000,"netCashFlowFromOperations":156000000,"effectOfExchangeRateChangesOnCash":0,"netIncome":101000000,"netIncomeCommonStock":101000000,"netIncomeCommonStockUSD":101000000,"netLossIncomeFromDiscontinuedOperations":0,"netIncomeToNonControllingInterests":0,"profitMargin":0.072,"operatingExpenses":299000000,"operatingIncome":61000000,"tradeAndNonTradePayables":573000000,"payoutRatio":0,"priceToBookValue":3.438,"propertyPlantEquipmentNet":365000000,"preferredDividendsIncomeStatementImpact":0,"sharePriceAdjustedClose":1.355,"tradeAndNonTradeReceivables":915000000,"accumulatedRetainedEarningsDeficit":792000000,"revenues":1402000000,"revenuesUSD":1402000000,"researchAndDevelopmentExpense":76000000,"shareBasedCompensation":0,"sellingGeneralAndAdministrativeExpense":216000000,"shareFactor":1,"shares":3769902696,"weightedAverageShares":3725904000,"weightedAverageSharesDiluted":4810008000,"salesPerShare":0.376,"tangibleAssetValue":4041000000,"taxAssets":192000000,"incomeTaxExpense":8000000,"taxLiabilities":213000000,"tangibleAssetsBookValuePerShare":1.085,"workingCapital":1986000000},{"ticker":"AAPL","period":"Q","calendarDate":"1998-09-30","reportPeriod":"1998-09-25","updated":"2020-05-01","dateKey":"1998-12-23","accumulatedOtherComprehensiveIncome":0,"assets":4289000000,"assetsCurrent":3698000000,"assetsNonCurrent":591000000,"bookValuePerShare":0.434,"capitalExpenditure":-7000000,"cashAndEquivalents":1481000000,"cashAndEquivalentsUSD":1481000000,"costOfRevenue":1139000000,"consolidatedIncome":106000000,"currentRatio":2.433,"debtToEquityRatio":1.612,"debt":954000000,"debtCurrent":0,"debtNonCurrent":954000000,"debtUSD":954000000,"deferredRevenue":0,"depreciationAmortizationAndAccretion":23000000,"deposits":0,"dividendYield":0,"dividendsPerBasicCommonShare":0,"earningBeforeInterestTaxes":114000000,"earningsBeforeInterestTaxesDepreciationAmortization":137000000,"EBITDAMargin":0.088,"earningsBeforeInterestTaxesDepreciationAmortizationUSD":137000000,"earningBeforeInterestTaxesUSD":114000000,"earningsBeforeTax":114000000,"earningsPerBasicShare":0.028,"earningsPerDilutedShare":0.025,"earningsPerBasicShareUSD":0.028,"shareholdersEquity":1642000000,"shareholdersEquityUSD":1642000000,"enterpriseValue":4860892321,"enterpriseValueOverEBIT":15,"enterpriseValueOverEBITDA":11.047,"freeCashFlow":316000000,"freeCashFlowPerShare":0.084,"foreignCurrencyUSDExchangeRate":1,"grossProfit":417000000,"grossMargin":0.268,"goodwillAndIntangibleAssets":0,"interestExpense":0,"investedCapital":2242000000,"inventory":78000000,"investments":819000000,"investmentsCurrent":819000000,"investmentsNonCurrent":0,"totalLiabilities":2647000000,"currentLiabilities":1520000000,"liabilitiesNonCurrent":1127000000,"marketCapitalization":5387892321,"netCashFlow":278000000,"netCashFlowBusinessAcquisitionsDisposals":-24000000,"issuanceEquityShares":27000000,"issuanceDebtSecurities":1000000,"paymentDividendsOtherCashDistributions":0,"netCashFlowFromFinancing":28000000,"netCashFlowFromInvesting":-73000000,"netCashFlowInvestmentAcquisitionsDisposals":-5000000,"netCashFlowFromOperations":323000000,"effectOfExchangeRateChangesOnCash":0,"netIncome":106000000,"netIncomeCommonStock":106000000,"netIncomeCommonStockUSD":106000000,"netLossIncomeFromDiscontinuedOperations":0,"netIncomeToNonControllingInterests":0,"profitMargin":0.068,"operatingExpenses":308000000,"operatingIncome":109000000,"tradeAndNonTradePayables":719000000,"payoutRatio":0,"priceToBookValue":3.281,"priceEarnings":17.437,"priceToEarningsRatio":16.929,"propertyPlantEquipmentNet":348000000,"preferredDividendsIncomeStatementImpact":0,"sharePriceAdjustedClose":1.422,"priceSales":0.907,"priceToSalesRatio":0.884,"tradeAndNonTradeReceivables":955000000,"accumulatedRetainedEarningsDeficit":898000000,"revenues":1556000000,"revenuesUSD":1556000000,"researchAndDevelopmentExpense":73000000,"shareBasedCompensation":0,"sellingGeneralAndAdministrativeExpense":235000000,"shareFactor":1,"shares":3788953812,"weightedAverageShares":3779524000,"weightedAverageSharesDiluted":4701676000,"salesPerShare":0.412,"tangibleAssetValue":4289000000,"taxAssets":182000000,"incomeTaxExpense":8000000,"taxLiabilities":173000000,"tangibleAssetsBookValuePerShare":1.135,"workingCapital":2178000000},{"ticker":"AAPL","period":"Q","calendarDate":"1998-12-31","reportPeriod":"1998-12-26","updated":"2020-05-01","dateKey":"1999-02-08","accumulatedOtherComprehensiveIncome":86000000,"assets":4592000000,"assetsCurrent":3867000000,"assetsNonCurrent":725000000,"bookValuePerShare":0.508,"capitalExpenditure":-5000000,"cashAndEquivalents":1221000000,"cashAndEquivalentsUSD":1221000000,"costOfRevenue":1228000000,"consolidatedIncome":152000000,"currentRatio":2.606,"debtToEquityRatio":1.388,"debt":954000000,"debtCurrent":0,"debtNonCurrent":954000000,"debtUSD":954000000,"deferredRevenue":0,"depreciationAmortizationAndAccretion":23000000,"deposits":0,"dividendYield":0,"dividendsPerBasicCommonShare":0,"earningBeforeInterestTaxes":169000000,"earningsBeforeInterestTaxesDepreciationAmortization":192000000,"EBITDAMargin":0.112,"earningsBeforeInterestTaxesDepreciationAmortizationUSD":192000000,"earningBeforeInterestTaxesUSD":169000000,"earningsBeforeTax":169000000,"earningsPerBasicShare":0.04,"earningsPerDilutedShare":0.034,"earningsPerBasicShareUSD":0.04,"shareholdersEquity":1923000000,"shareholdersEquityUSD":1923000000,"enterpriseValue":4881927513,"enterpriseValueOverEBIT":11,"enterpriseValueOverEBITDA":8.765,"freeCashFlow":218000000,"freeCashFlowPerShare":0.058,"foreignCurrencyUSDExchangeRate":1,"grossProfit":482000000,"grossMargin":0.282,"goodwillAndIntangibleAssets":0,"interestExpense":0,"investedCapital":2841000000,"inventory":25000000,"investments":1357000000,"investmentsCurrent":1357000000,"investmentsNonCurrent":0,"totalLiabilities":2669000000,"currentLiabilities":1484000000,"liabilitiesNonCurrent":1185000000,"marketCapitalization":5148927513,"netCashFlow":-260000000,"netCashFlowBusinessAcquisitionsDisposals":37000000,"issuanceEquityShares":3000000,"issuanceDebtSecurities":0,"paymentDividendsOtherCashDistributions":0,"netCashFlowFromFinancing":3000000,"netCashFlowFromInvesting":-486000000,"netCashFlowInvestmentAcquisitionsDisposals":-538000000,"netCashFlowFromOperations":223000000,"effectOfExchangeRateChangesOnCash":0,"netIncome":152000000,"netIncomeCommonStock":152000000,"netIncomeCommonStockUSD":152000000,"netLossIncomeFromDiscontinuedOperations":0,"netIncomeToNonControllingInterests":0,"profitMargin":0.089,"operatingExpenses":355000000,"operatingIncome":127000000,"tradeAndNonTradePayables":655000000,"payoutRatio":0,"priceToBookValue":2.678,"priceEarnings":12.437,"priceToEarningsRatio":12.255,"propertyPlantEquipmentNet":344000000,"preferredDividendsIncomeStatementImpact":0,"sharePriceAdjustedClose":1.348,"priceSales":0.848,"priceToSalesRatio":0.841,"tradeAndNonTradeReceivables":913000000,"accumulatedRetainedEarningsDeficit":1050000000,"revenues":1710000000,"revenuesUSD":1710000000,"researchAndDevelopmentExpense":76000000,"shareBasedCompensation":0,"sellingGeneralAndAdministrativeExpense":279000000,"shareFactor":1,"shares":3819679164,"weightedAverageShares":3787560000,"weightedAverageSharesDiluted":4817736000,"salesPerShare":0.451,"tangibleAssetValue":4592000000,"taxAssets":166000000,"incomeTaxExpense":17000000,"taxLiabilities":231000000,"tangibleAssetsBookValuePerShare":1.212,"workingCapital":2383000000},{"ticker":"AAPL","period":"Q","calendarDate":"1999-03-31","reportPeriod":"1999-03-27","updated":"2020-05-01","dateKey":"1999-05-11","accumulatedOtherComprehensiveIncome":168000000,"assets":4935000000,"assetsCurrent":4092000000,"assetsNonCurrent":843000000,"bookValuePerShare":0.57,"capitalExpenditure":1000000,"cashAndEquivalents":1358000000,"cashAndEquivalentsUSD":1358000000,"costOfRevenue":1127000000,"consolidatedIncome":135000000,"currentRatio":2.65,"debtToEquityRatio":1.269,"debt":955000000,"debtCurrent":0,"debtNonCurrent":955000000,"debtUSD":955000000,"deferredRevenue":0,"depreciationAmortizationAndAccretion":24000000,"deposits":0,"dividendYield":0,"dividendsPerBasicCommonShare":0,"earningBeforeInterestTaxes":153000000,"earningsBeforeInterestTaxesDepreciationAmortization":177000000,"EBITDAMargin":0.116,"earningsBeforeInterestTaxesDepreciationAmortizationUSD":177000000,"earningBeforeInterestTaxesUSD":153000000,"earningsBeforeTax":153000000,"earningsPerBasicShare":0.035,"earningsPerDilutedShare":0.03,"earningsPerBasicShareUSD":0.035,"shareholdersEquity":2175000000,"shareholdersEquityUSD":2175000000,"enterpriseValue":5729563332,"enterpriseValueOverEBIT":11,"enterpriseValueOverEBITDA":8.856,"freeCashFlow":270000000,"freeCashFlowPerShare":0.071,"foreignCurrencyUSDExchangeRate":1,"grossProfit":403000000,"grossMargin":0.263,"goodwillAndIntangibleAssets":0,"interestExpense":0,"investedCapital":2988000000,"inventory":18000000,"investments":1564000000,"investmentsCurrent":1564000000,"investmentsNonCurrent":0,"totalLiabilities":2760000000,"currentLiabilities":1544000000,"liabilitiesNonCurrent":1216000000,"marketCapitalization":6132563332,"netCashFlow":137000000,"netCashFlowBusinessAcquisitionsDisposals":59000000,"issuanceEquityShares":32000000,"issuanceDebtSecurities":1000000,"paymentDividendsOtherCashDistributions":0,"netCashFlowFromFinancing":33000000,"netCashFlowFromInvesting":-165000000,"netCashFlowInvestmentAcquisitionsDisposals":-207000000,"netCashFlowFromOperations":269000000,"effectOfExchangeRateChangesOnCash":0,"netIncome":135000000,"netIncomeCommonStock":135000000,"netIncomeCommonStockUSD":135000000,"netLossIncomeFromDiscontinuedOperations":0,"netIncomeToNonControllingInterests":0,"profitMargin":0.088,"operatingExpenses":324000000,"operatingIncome":79000000,"tradeAndNonTradePayables":791000000,"payoutRatio":0,"priceToBookValue":2.82,"priceEarnings":12.414,"priceToEarningsRatio":12.198,"propertyPlantEquipmentNet":330000000,"preferredDividendsIncomeStatementImpact":0,"sharePriceAdjustedClose":1.598,"priceSales":0.989,"priceToSalesRatio":0.984,"tradeAndNonTradeReceivables":804000000,"accumulatedRetainedEarningsDeficit":1185000000,"revenues":1530000000,"revenuesUSD":1530000000,"researchAndDevelopmentExpense":76000000,"shareBasedCompensation":0,"sellingGeneralAndAdministrativeExpense":239000000,"shareFactor":1,"shares":3837649144,"weightedAverageShares":3818388000,"weightedAverageSharesDiluted":4849712000,"salesPerShare":0.401,"tangibleAssetValue":4935000000,"taxAssets":154000000,"incomeTaxExpense":18000000,"taxLiabilities":261000000,"tangibleAssetsBookValuePerShare":1.292,"workingCapital":2548000000},{"ticker":"AAPL","period":"Q","calendarDate":"1999-06-30","reportPeriod":"1999-06-26","updated":"2020-05-01","dateKey":"1999-08-06","accumulatedOtherComprehensiveIncome":92000000,"assets":5019000000,"assetsCurrent":4298000000,"assetsNonCurrent":721000000,"bookValuePerShare":0.736,"capitalExpenditure":-6000000,"cashAndEquivalents":1773000000,"cashAndEquivalentsUSD":1773000000,"costOfRevenue":1131000000,"consolidatedIncome":203000000,"currentRatio":2.793,"debtToEquityRatio":0.69,"debt":300000000,"debtCurrent":0,"debtNonCurrent":300000000,"debtUSD":300000000,"deferredRevenue":0,"depreciationAmortizationAndAccretion":19000000,"deposits":0,"dividendYield":0,"dividendsPerBasicCommonShare":0,"earningBeforeInterestTaxes":229000000,"earningsBeforeInterestTaxesDepreciationAmortization":248000000,"EBITDAMargin":0.159,"earningsBeforeInterestTaxesDepreciationAmortizationUSD":248000000,"earningBeforeInterestTaxesUSD":229000000,"earningsBeforeTax":229000000,"earningsPerBasicShare":0.05,"earningsPerDilutedShare":0.043,"earningsPerBasicShareUSD":0.05,"shareholdersEquity":2970000000,"shareholdersEquityUSD":2970000000,"enterpriseValue":7234485357,"enterpriseValueOverEBIT":11,"enterpriseValueOverEBITDA":9.595,"freeCashFlow":82000000,"freeCashFlowPerShare":0.02,"foreignCurrencyUSDExchangeRate":1,"grossProfit":427000000,"grossMargin":0.274,"goodwillAndIntangibleAssets":0,"interestExpense":0,"investedCapital":2007000000,"inventory":7000000,"investments":1333000000,"investmentsCurrent":1333000000,"investmentsNonCurrent":0,"totalLiabilities":2049000000,"currentLiabilities":1539000000,"liabilitiesNonCurrent":510000000,"marketCapitalization":8707485357,"netCashFlow":415000000,"netCashFlowBusinessAcquisitionsDisposals":105000000,"issuanceEquityShares":6000000,"issuanceDebtSecurities":-1000000,"paymentDividendsOtherCashDistributions":0,"netCashFlowFromFinancing":5000000,"netCashFlowFromInvesting":322000000,"netCashFlowInvestmentAcquisitionsDisposals":231000000,"netCashFlowFromOperations":88000000,"effectOfExchangeRateChangesOnCash":0,"netIncome":203000000,"netIncomeCommonStock":203000000,"netIncomeCommonStockUSD":203000000,"netLossIncomeFromDiscontinuedOperations":0,"netIncomeToNonControllingInterests":0,"profitMargin":0.13,"operatingExpenses":323000000,"operatingIncome":104000000,"tradeAndNonTradePayables":792000000,"payoutRatio":0,"priceToBookValue":2.932,"priceEarnings":14.61,"priceToEarningsRatio":12.552,"propertyPlantEquipmentNet":313000000,"preferredDividendsIncomeStatementImpact":0,"sharePriceAdjustedClose":1.933,"priceSales":1.37,"priceToSalesRatio":1.227,"tradeAndNonTradeReceivables":896000000,"accumulatedRetainedEarningsDeficit":1388000000,"revenues":1558000000,"revenuesUSD":1558000000,"researchAndDevelopmentExpense":80000000,"shareBasedCompensation":0,"sellingGeneralAndAdministrativeExpense":243000000,"shareFactor":1,"shares":4504648400,"weightedAverageShares":4033512000,"weightedAverageSharesDiluted":4890200000,"salesPerShare":0.386,"tangibleAssetValue":5019000000,"taxAssets":137000000,"incomeTaxExpense":26000000,"taxLiabilities":210000000,"tangibleAssetsBookValuePerShare":1.244,"workingCapital":2759000000},{"ticker":"AAPL","period":"Q","calendarDate":"1999-09-30","reportPeriod":"1999-09-25","updated":"2020-05-01","dateKey":"1999-12-22","accumulatedOtherComprehensiveIncome":106000000,"assets":5161000000,"assetsCurrent":4285000000,"assetsNonCurrent":876000000,"bookValuePerShare":0.706,"capitalExpenditure":-14000000,"cashAndEquivalents":1326000000,"cashAndEquivalentsUSD":1326000000,"costOfRevenue":952000000,"consolidatedIncome":111000000,"currentRatio":2.766,"debtToEquityRatio":0.663,"debt":300000000,"debtCurrent":0,"debtNonCurrent":300000000,"debtUSD":300000000,"deferredRevenue":0,"depreciationAmortizationAndAccretion":19000000,"deposits":0,"dividendYield":0,"dividendsPerBasicCommonShare":0,"earningBeforeInterestTaxes":125000000,"earningsBeforeInterestTaxesDepreciationAmortization":144000000,"EBITDAMargin":0.108,"earningsBeforeInterestTaxesDepreciationAmortizationUSD":144000000,"earningBeforeInterestTaxesUSD":125000000,"earningsBeforeTax":125000000,"earningsPerBasicShare":0.024,"earningsPerDilutedShare":0.022,"earningsPerBasicShareUSD":0.024,"shareholdersEquity":3104000000,"shareholdersEquityUSD":3104000000,"enterpriseValue":15078939889,"enterpriseValueOverEBIT":22,"enterpriseValueOverEBITDA":19.815,"freeCashFlow":204000000,"freeCashFlowPerShare":0.046,"foreignCurrencyUSDExchangeRate":1,"grossProfit":384000000,"grossMargin":0.287,"goodwillAndIntangibleAssets":0,"interestExpense":0,"investedCapital":2586000000,"inventory":20000000,"investments":1900000000,"investmentsCurrent":1900000000,"investmentsNonCurrent":0,"totalLiabilities":2057000000,"currentLiabilities":1549000000,"liabilitiesNonCurrent":508000000,"marketCapitalization":16104939889,"netCashFlow":-447000000,"netCashFlowBusinessAcquisitionsDisposals":-201000000,"issuanceEquityShares":-30000000,"issuanceDebtSecurities":0,"paymentDividendsOtherCashDistributions":0,"netCashFlowFromFinancing":-30000000,"netCashFlowFromInvesting":-635000000,"netCashFlowInvestmentAcquisitionsDisposals":-434000000,"netCashFlowFromOperations":218000000,"effectOfExchangeRateChangesOnCash":0,"netIncome":111000000,"netIncomeCommonStock":111000000,"netIncomeCommonStockUSD":111000000,"netLossIncomeFromDiscontinuedOperations":0,"netIncomeToNonControllingInterests":0,"profitMargin":0.083,"operatingExpenses":335000000,"operatingIncome":49000000,"tradeAndNonTradePayables":812000000,"payoutRatio":0,"priceToBookValue":5.188,"priceEarnings":26.797,"priceToEarningsRatio":23.793,"propertyPlantEquipmentNet":318000000,"preferredDividendsIncomeStatementImpact":0,"sharePriceAdjustedClose":3.569,"priceSales":2.626,"priceToSalesRatio":2.332,"tradeAndNonTradeReceivables":681000000,"accumulatedRetainedEarningsDeficit":1499000000,"revenues":1336000000,"revenuesUSD":1336000000,"researchAndDevelopmentExpense":82000000,"shareBasedCompensation":0,"sellingGeneralAndAdministrativeExpense":235000000,"shareFactor":1,"shares":4512451636,"weightedAverageShares":4393620000,"weightedAverageSharesDiluted":4946648000,"salesPerShare":0.304,"tangibleAssetValue":5161000000,"taxAssets":143000000,"incomeTaxExpense":14000000,"taxLiabilities":208000000,"tangibleAssetsBookValuePerShare":1.175,"workingCapital":2736000000},{"ticker":"AAPL","period":"Q","calendarDate":"1999-12-31","reportPeriod":"2000-01-01","updated":"2020-05-01","dateKey":"2000-02-01","accumulatedOtherComprehensiveIncome":1237000000,"assets":7586000000,"assetsCurrent":4909000000,"assetsNonCurrent":2677000000,"bookValuePerShare":0.979,"capitalExpenditure":-38000000,"cashAndEquivalents":1586000000,"cashAndEquivalentsUSD":1586000000,"costOfRevenue":1736000000,"consolidatedIncome":183000000,"currentRatio":2.498,"debtToEquityRatio":0.719,"debt":300000000,"debtCurrent":0,"debtNonCurrent":300000000,"debtUSD":300000000,"deferredRevenue":0,"depreciationAmortizationAndAccretion":20000000,"deposits":0,"dividendYield":0,"dividendsPerBasicCommonShare":0,"earningBeforeInterestTaxes":274000000,"earningsBeforeInterestTaxesDepreciationAmortization":294000000,"EBITDAMargin":0.125,"earningsBeforeInterestTaxesDepreciationAmortizationUSD":294000000,"earningBeforeInterestTaxesUSD":274000000,"earningsBeforeTax":274000000,"earningsPerBasicShare":0.041,"earningsPerDilutedShare":0.037,"earningsPerBasicShareUSD":0.041,"shareholdersEquity":4414000000,"shareholdersEquityUSD":4414000000,"enterpriseValue":14918914177,"enterpriseValueOverEBIT":19,"enterpriseValueOverEBITDA":17.287,"freeCashFlow":335000000,"freeCashFlowPerShare":0.074,"foreignCurrencyUSDExchangeRate":1,"grossProfit":607000000,"grossMargin":0.259,"goodwillAndIntangibleAssets":0,"interestExpense":0,"investedCapital":4335000000,"inventory":15000000,"investments":4214000000,"investmentsCurrent":2074000000,"investmentsNonCurrent":2140000000,"totalLiabilities":3172000000,"currentLiabilities":1965000000,"liabilitiesNonCurrent":1207000000,"marketCapitalization":16204914177,"netCashFlow":260000000,"netCashFlowBusinessAcquisitionsDisposals":0,"issuanceEquityShares":-24000000,"issuanceDebtSecurities":0,"paymentDividendsOtherCashDistributions":0,"netCashFlowFromFinancing":-24000000,"netCashFlowFromInvesting":-89000000,"netCashFlowInvestmentAcquisitionsDisposals":-38000000,"netCashFlowFromOperations":373000000,"effectOfExchangeRateChangesOnCash":0,"netIncome":183000000,"netIncomeCommonStock":183000000,"netIncomeCommonStockUSD":183000000,"netLossIncomeFromDiscontinuedOperations":0,"netIncomeToNonControllingInterests":0,"profitMargin":0.078,"operatingExpenses":507000000,"operatingIncome":100000000,"tradeAndNonTradePayables":1174000000,"payoutRatio":0,"priceToBookValue":3.671,"priceEarnings":25.641,"priceToEarningsRatio":23.867,"propertyPlantEquipmentNet":318000000,"preferredDividendsIncomeStatementImpact":0,"sharePriceAdjustedClose":3.58,"priceSales":2.395,"priceToSalesRatio":2.385,"tradeAndNonTradeReceivables":892000000,"accumulatedRetainedEarningsDeficit":1682000000,"revenues":2343000000,"revenuesUSD":2343000000,"researchAndDevelopmentExpense":90000000,"shareBasedCompensation":0,"sellingGeneralAndAdministrativeExpense":319000000,"shareFactor":1,"shares":4526512340,"weightedAverageShares":4509092000,"weightedAverageSharesDiluted":4995676000,"salesPerShare":0.52,"tangibleAssetValue":7586000000,"taxAssets":131000000,"incomeTaxExpense":91000000,"taxLiabilities":907000000,"tangibleAssetsBookValuePerShare":1.682,"workingCapital":2944000000},{"ticker":"AAPL","period":"Q","calendarDate":"2000-03-31","reportPeriod":"2000-04-01","updated":"2020-05-01","dateKey":"2000-05-11","accumulatedOtherComprehensiveIncome":731000000,"assets":7007000000,"assetsCurrent":4912000000,"assetsNonCurrent":2095000000,"bookValuePerShare":0.928,"capitalExpenditure":-17000000,"cashAndEquivalents":1662000000,"cashAndEquivalentsUSD":1662000000,"costOfRevenue":1396000000,"consolidatedIncome":233000000,"currentRatio":2.651,"debtToEquityRatio":0.662,"debt":300000000,"debtCurrent":0,"debtNonCurrent":300000000,"debtUSD":300000000,"deferredRevenue":0,"depreciationAmortizationAndAccretion":21000000,"deposits":0,"dividendYield":0,"dividendsPerBasicCommonShare":0,"earningBeforeInterestTaxes":319000000,"earningsBeforeInterestTaxesDepreciationAmortization":340000000,"EBITDAMargin":0.175,"earningsBeforeInterestTaxesDepreciationAmortizationUSD":340000000,"earningBeforeInterestTaxesUSD":319000000,"earningsBeforeTax":319000000,"earningsPerBasicShare":0.051,"earningsPerDilutedShare":0.046,"earningsPerBasicShareUSD":0.051,"shareholdersEquity":4215000000,"shareholdersEquityUSD":4215000000,"enterpriseValue":15370656876,"enterpriseValueOverEBIT":16,"enterpriseValueOverEBITDA":14.981,"freeCashFlow":44000000,"freeCashFlowPerShare":0.01,"foreignCurrencyUSDExchangeRate":1,"grossProfit":549000000,"grossMargin":0.282,"goodwillAndIntangibleAssets":0,"interestExpense":0,"investedCapital":3792000000,"inventory":10000000,"investments":3491000000,"investmentsCurrent":1947000000,"investmentsNonCurrent":1544000000,"totalLiabilities":2792000000,"currentLiabilities":1853000000,"liabilitiesNonCurrent":939000000,"marketCapitalization":16732656876,"netCashFlow":76000000,"netCashFlowBusinessAcquisitionsDisposals":237000000,"issuanceEquityShares":30000000,"issuanceDebtSecurities":0,"paymentDividendsOtherCashDistributions":0,"netCashFlowFromFinancing":30000000,"netCashFlowFromInvesting":-15000000,"netCashFlowInvestmentAcquisitionsDisposals":-225000000,"netCashFlowFromOperations":61000000,"effectOfExchangeRateChangesOnCash":0,"netIncome":233000000,"netIncomeCommonStock":233000000,"netIncomeCommonStockUSD":233000000,"netLossIncomeFromDiscontinuedOperations":0,"netIncomeToNonControllingInterests":0,"profitMargin":0.12,"operatingExpenses":379000000,"operatingIncome":170000000,"tradeAndNonTradePayables":1111000000,"payoutRatio":0,"priceToBookValue":3.97,"priceEarnings":22.921,"priceToEarningsRatio":22.12,"propertyPlantEquipmentNet":314000000,"preferredDividendsIncomeStatementImpact":0,"sharePriceAdjustedClose":3.672,"priceSales":2.33,"priceToSalesRatio":2.322,"tradeAndNonTradeReceivables":940000000,"accumulatedRetainedEarningsDeficit":1915000000,"revenues":1945000000,"revenuesUSD":1945000000,"researchAndDevelopmentExpense":92000000,"shareBasedCompensation":0,"sellingGeneralAndAdministrativeExpense":287000000,"shareFactor":1,"shares":4556823768,"weightedAverageShares":4540816000,"weightedAverageSharesDiluted":5095804000,"salesPerShare":0.428,"tangibleAssetValue":7007000000,"taxAssets":131000000,"incomeTaxExpense":86000000,"taxLiabilities":639000000,"tangibleAssetsBookValuePerShare":1.543,"workingCapital":3059000000},{"ticker":"AAPL","period":"Q","calendarDate":"2000-06-30","reportPeriod":"2000-07-01","updated":"2020-05-01","dateKey":"2000-07-31","accumulatedOtherComprehensiveIncome":535000000,"assets":6932000000,"assetsCurrent":5157000000,"assetsNonCurrent":1775000000,"bookValuePerShare":0.918,"capitalExpenditure":-10000000,"cashAndEquivalents":1344000000,"cashAndEquivalentsUSD":1344000000,"costOfRevenue":1282000000,"consolidatedIncome":200000000,"currentRatio":2.753,"debtToEquityRatio":0.66,"debt":300000000,"debtCurrent":0,"debtNonCurrent":300000000,"debtUSD":300000000,"deferredRevenue":0,"depreciationAmortizationAndAccretion":25000000,"deposits":0,"dividendYield":0,"dividendsPerBasicCommonShare":0,"earningBeforeInterestTaxes":270000000,"earningsBeforeInterestTaxesDepreciationAmortization":295000000,"EBITDAMargin":0.162,"earningsBeforeInterestTaxesDepreciationAmortizationUSD":295000000,"earningBeforeInterestTaxesUSD":270000000,"earningsBeforeTax":270000000,"earningsPerBasicShare":0.044,"earningsPerDilutedShare":0.039,"earningsPerBasicShareUSD":0.044,"shareholdersEquity":4176000000,"shareholdersEquityUSD":4176000000,"enterpriseValue":15466377808,"enterpriseValueOverEBIT":16,"enterpriseValueOverEBITDA":14.414,"freeCashFlow":224000000,"freeCashFlowPerShare":0.049,"foreignCurrencyUSDExchangeRate":1,"grossProfit":543000000,"grossMargin":0.298,"goodwillAndIntangibleAssets":0,"interestExpense":0,"investedCapital":4015000000,"inventory":5000000,"investments":3718000000,"investmentsCurrent":2482000000,"investmentsNonCurrent":1236000000,"totalLiabilities":2756000000,"currentLiabilities":1873000000,"liabilitiesNonCurrent":883000000,"marketCapitalization":16510377808,"netCashFlow":-318000000,"netCashFlowBusinessAcquisitionsDisposals":51000000,"issuanceEquityShares":-47000000,"issuanceDebtSecurities":0,"paymentDividendsOtherCashDistributions":0,"netCashFlowFromFinancing":-47000000,"netCashFlowFromInvesting":-505000000,"netCashFlowInvestmentAcquisitionsDisposals":-551000000,"netCashFlowFromOperations":234000000,"effectOfExchangeRateChangesOnCash":0,"netIncome":200000000,"netIncomeCommonStock":200000000,"netIncomeCommonStockUSD":200000000,"netLossIncomeFromDiscontinuedOperations":0,"netIncomeToNonControllingInterests":0,"profitMargin":0.11,"operatingExpenses":375000000,"operatingIncome":168000000,"tradeAndNonTradePayables":1040000000,"payoutRatio":0,"priceToBookValue":3.954,"priceEarnings":22.71,"priceToEarningsRatio":22.681,"propertyPlantEquipmentNet":314000000,"preferredDividendsIncomeStatementImpact":0,"sharePriceAdjustedClose":3.629,"priceSales":2.216,"priceToSalesRatio":2.217,"tradeAndNonTradeReceivables":967000000,"accumulatedRetainedEarningsDeficit":2115000000,"revenues":1825000000,"revenuesUSD":1825000000,"researchAndDevelopmentExpense":97000000,"shareBasedCompensation":0,"sellingGeneralAndAdministrativeExpense":278000000,"shareFactor":1,"shares":4549566770,"weightedAverageShares":4550560000,"weightedAverageSharesDiluted":5065438000,"salesPerShare":0.401,"tangibleAssetValue":6932000000,"taxAssets":162000000,"incomeTaxExpense":70000000,"taxLiabilities":583000000,"tangibleAssetsBookValuePerShare":1.523,"workingCapital":3284000000},{"ticker":"AAPL","period":"Q","calendarDate":"2000-09-30","reportPeriod":"2000-09-30","updated":"2020-05-01","dateKey":"2000-12-14","accumulatedOtherComprehensiveIncome":244000000,"assets":6803000000,"assetsCurrent":5427000000,"assetsNonCurrent":1376000000,"bookValuePerShare":0.897,"capitalExpenditure":-31000000,"cashAndEquivalents":1191000000,"cashAndEquivalentsUSD":1191000000,"costOfRevenue":1403000000,"consolidatedIncome":170000000,"currentRatio":2.808,"debtToEquityRatio":0.656,"debt":300000000,"debtCurrent":0,"debtNonCurrent":300000000,"debtUSD":300000000,"deferredRevenue":0,"depreciationAmortizationAndAccretion":18000000,"deposits":0,"dividendYield":0,"dividendsPerBasicCommonShare":0,"earningBeforeInterestTaxes":229000000,"earningsBeforeInterestTaxesDepreciationAmortization":247000000,"EBITDAMargin":0.132,"earningsBeforeInterestTaxesDepreciationAmortizationUSD":247000000,"earningBeforeInterestTaxesUSD":229000000,"earningsBeforeTax":229000000,"earningsPerBasicShare":0.037,"earningsPerDilutedShare":0.034,"earningsPerBasicShareUSD":0.037,"shareholdersEquity":4107000000,"shareholdersEquityUSD":4107000000,"enterpriseValue":3957120456,"enterpriseValueOverEBIT":4,"enterpriseValueOverEBITDA":3.365,"freeCashFlow":127000000,"freeCashFlowPerShare":0.028,"foreignCurrencyUSDExchangeRate":1,"grossProfit":467000000,"grossMargin":0.25,"goodwillAndIntangibleAssets":0,"interestExpense":0,"investedCapital":3979000000,"inventory":33000000,"investments":3622000000,"investmentsCurrent":2836000000,"investmentsNonCurrent":786000000,"totalLiabilities":2696000000,"currentLiabilities":1933000000,"liabilitiesNonCurrent":763000000,"marketCapitalization":4848120456,"netCashFlow":-153000000,"netCashFlowBusinessAcquisitionsDisposals":-288000000,"issuanceEquityShares":10000000,"issuanceDebtSecurities":0,"paymentDividendsOtherCashDistributions":0,"netCashFlowFromFinancing":10000000,"netCashFlowFromInvesting":-321000000,"netCashFlowInvestmentAcquisitionsDisposals":18000000,"netCashFlowFromOperations":158000000,"effectOfExchangeRateChangesOnCash":0,"netIncome":170000000,"netIncomeCommonStock":170000000,"netIncomeCommonStockUSD":170000000,"netLossIncomeFromDiscontinuedOperations":0,"netIncomeToNonControllingInterests":0,"profitMargin":0.091,"operatingExpenses":383000000,"operatingIncome":84000000,"tradeAndNonTradePayables":1157000000,"payoutRatio":0,"priceToBookValue":1.18,"priceEarnings":6.168,"priceToEarningsRatio":5.96,"propertyPlantEquipmentNet":313000000,"preferredDividendsIncomeStatementImpact":0,"sharePriceAdjustedClose":1.031,"priceSales":0.607,"priceToSalesRatio":0.587,"tradeAndNonTradeReceivables":953000000,"accumulatedRetainedEarningsDeficit":2285000000,"revenues":1870000000,"revenuesUSD":1870000000,"researchAndDevelopmentExpense":101000000,"shareBasedCompensation":0,"sellingGeneralAndAdministrativeExpense":282000000,"shareFactor":1,"shares":4702347678,"weightedAverageShares":4577468000,"weightedAverageSharesDiluted":5061168000,"salesPerShare":0.409,"tangibleAssetValue":6803000000,"taxAssets":162000000,"incomeTaxExpense":59000000,"taxLiabilities":463000000,"tangibleAssetsBookValuePerShare":1.486,"workingCapital":3494000000},{"ticker":"AAPL","period":"Q","calendarDate":"2000-12-31","reportPeriod":"2000-12-30","updated":"2020-05-01","dateKey":"2001-02-12","accumulatedOtherComprehensiveIncome":41000000,"assets":5986000000,"assetsCurrent":4926000000,"assetsNonCurrent":1060000000,"bookValuePerShare":0.786,"capitalExpenditure":-22000000,"cashAndEquivalents":1737000000,"cashAndEquivalentsUSD":1737000000,"costOfRevenue":1028000000,"consolidatedIncome":-195000000,"currentRatio":3.009,"debtToEquityRatio":0.613,"debt":311000000,"debtCurrent":0,"debtNonCurrent":311000000,"debtUSD":311000000,"deferredRevenue":0,"depreciationAmortizationAndAccretion":24000000,"deposits":0,"dividendYield":0,"dividendsPerBasicCommonShare":0,"earningBeforeInterestTaxes":-283000000,"earningsBeforeInterestTaxesDepreciationAmortization":-259000000,"EBITDAMargin":-0.257,"earningsBeforeInterestTaxesDepreciationAmortizationUSD":-259000000,"earningBeforeInterestTaxesUSD":-283000000,"earningsBeforeTax":-283000000,"earningsPerBasicShare":-0.041,"earningsPerDilutedShare":-0.041,"earningsPerBasicShareUSD":-0.041,"shareholdersEquity":3712000000,"shareholdersEquityUSD":3712000000,"enterpriseValue":5385234364,"enterpriseValueOverEBIT":10,"enterpriseValueOverEBITDA":8.644,"freeCashFlow":-35000000,"freeCashFlowPerShare":-0.007,"foreignCurrencyUSDExchangeRate":1,"grossProfit":-21000000,"grossMargin":-0.021,"goodwillAndIntangibleAssets":0,"interestExpense":0,"investedCapital":2923000000,"inventory":21000000,"investments":2775000000,"investmentsCurrent":2328000000,"investmentsNonCurrent":447000000,"totalLiabilities":2274000000,"currentLiabilities":1637000000,"liabilitiesNonCurrent":637000000,"marketCapitalization":6811234364,"netCashFlow":546000000,"netCashFlowBusinessAcquisitionsDisposals":0,"issuanceEquityShares":3000000,"issuanceDebtSecurities":0,"paymentDividendsOtherCashDistributions":0,"netCashFlowFromFinancing":3000000,"netCashFlowFromInvesting":556000000,"netCashFlowInvestmentAcquisitionsDisposals":581000000,"netCashFlowFromOperations":-13000000,"effectOfExchangeRateChangesOnCash":0,"netIncome":-195000000,"netIncomeCommonStock":-195000000,"netIncomeCommonStockUSD":-195000000,"netLossIncomeFromDiscontinuedOperations":0,"netIncomeToNonControllingInterests":0,"profitMargin":-0.194,"operatingExpenses":399000000,"operatingIncome":-420000000,"tradeAndNonTradePayables":637000000,"payoutRatio":0,"priceToBookValue":1.835,"priceEarnings":16.694,"priceToEarningsRatio":15.451,"propertyPlantEquipmentNet":325000000,"preferredDividendsIncomeStatementImpact":0,"sharePriceAdjustedClose":1.406,"priceSales":1.025,"priceToSalesRatio":0.998,"tradeAndNonTradeReceivables":441000000,"accumulatedRetainedEarningsDeficit":2090000000,"revenues":1007000000,"revenuesUSD":1007000000,"researchAndDevelopmentExpense":102000000,"shareBasedCompensation":0,"sellingGeneralAndAdministrativeExpense":297000000,"shareFactor":1,"shares":4844405664,"weightedAverageShares":4720380000,"weightedAverageSharesDiluted":4720380000,"salesPerShare":0.213,"tangibleAssetValue":5986000000,"taxAssets":231000000,"incomeTaxExpense":-88000000,"taxLiabilities":326000000,"tangibleAssetsBookValuePerShare":1.268,"workingCapital":3289000000},{"ticker":"AAPL","period":"Q","calendarDate":"2001-03-31","reportPeriod":"2001-03-31","updated":"2020-05-01","dateKey":"2001-05-14","accumulatedOtherComprehensiveIncome":6000000,"assets":6130000000,"assetsCurrent":5345000000,"assetsNonCurrent":785000000,"bookValuePerShare":0.771,"capitalExpenditure":-17000000,"cashAndEquivalents":2138000000,"cashAndEquivalentsUSD":2138000000,"costOfRevenue":1046000000,"consolidatedIncome":43000000,"currentRatio":2.978,"debtToEquityRatio":0.64,"debt":317000000,"debtCurrent":0,"debtNonCurrent":317000000,"debtUSD":317000000,"deferredRevenue":0,"depreciationAmortizationAndAccretion":22000000,"deposits":0,"dividendYield":0,"dividendsPerBasicCommonShare":0,"earningBeforeInterestTaxes":62000000,"earningsBeforeInterestTaxesDepreciationAmortization":84000000,"EBITDAMargin":0.059,"earningsBeforeInterestTaxesDepreciationAmortizationUSD":84000000,"earningBeforeInterestTaxesUSD":62000000,"earningsBeforeTax":62000000,"earningsPerBasicShare":0.009,"earningsPerDilutedShare":0.009,"earningsPerBasicShareUSD":0.009,"shareholdersEquity":3738000000,"shareholdersEquityUSD":3738000000,"enterpriseValue":6309842697,"enterpriseValueOverEBIT":23,"enterpriseValueOverEBITDA":17.193,"freeCashFlow":-61000000,"freeCashFlowPerShare":-0.013,"foreignCurrencyUSDExchangeRate":1,"grossProfit":385000000,"grossMargin":0.269,"goodwillAndIntangibleAssets":0,"interestExpense":0,"investedCapital":2514000000,"inventory":10000000,"investments":2157000000,"investmentsCurrent":2006000000,"investmentsNonCurrent":151000000,"totalLiabilities":2392000000,"currentLiabilities":1795000000,"liabilitiesNonCurrent":597000000,"marketCapitalization":8130842697,"netCashFlow":401000000,"netCashFlowBusinessAcquisitionsDisposals":0,"issuanceEquityShares":15000000,"issuanceDebtSecurities":0,"paymentDividendsOtherCashDistributions":0,"netCashFlowFromFinancing":15000000,"netCashFlowFromInvesting":430000000,"netCashFlowInvestmentAcquisitionsDisposals":451000000,"netCashFlowFromOperations":-44000000,"effectOfExchangeRateChangesOnCash":0,"netIncome":43000000,"netIncomeCommonStock":43000000,"netIncomeCommonStockUSD":43000000,"netLossIncomeFromDiscontinuedOperations":0,"netIncomeToNonControllingInterests":0,"profitMargin":0.03,"operatingExpenses":393000000,"operatingIncome":-8000000,"tradeAndNonTradePayables":961000000,"payoutRatio":0,"priceToBookValue":2.175,"priceEarnings":37.297,"priceToEarningsRatio":33.959,"propertyPlantEquipmentNet":331000000,"preferredDividendsIncomeStatementImpact":0,"sharePriceAdjustedClose":1.664,"priceSales":1.326,"priceToSalesRatio":1.315,"tradeAndNonTradeReceivables":637000000,"accumulatedRetainedEarningsDeficit":2133000000,"revenues":1431000000,"revenuesUSD":1431000000,"researchAndDevelopmentExpense":101000000,"shareBasedCompensation":0,"sellingGeneralAndAdministrativeExpense":292000000,"shareFactor":1,"shares":4886323736,"weightedAverageShares":4845120000,"weightedAverageSharesDiluted":4939368000,"salesPerShare":0.295,"tangibleAssetValue":6130000000,"taxAssets":183000000,"incomeTaxExpense":19000000,"taxLiabilities":280000000,"tangibleAssetsBookValuePerShare":1.265,"workingCapital":3550000000},{"ticker":"AAPL","period":"Q","calendarDate":"2001-06-30","reportPeriod":"2001-06-30","updated":"2020-05-01","dateKey":"2001-08-13","accumulatedOtherComprehensiveIncome":3000000,"assets":6071000000,"assetsCurrent":5248000000,"assetsNonCurrent":823000000,"bookValuePerShare":0.79,"capitalExpenditure":-30000000,"cashAndEquivalents":2121000000,"cashAndEquivalentsUSD":2121000000,"costOfRevenue":1041000000,"consolidatedIncome":61000000,"currentRatio":3.252,"debtToEquityRatio":0.574,"debt":317000000,"debtCurrent":0,"debtNonCurrent":317000000,"debtUSD":317000000,"deferredRevenue":0,"depreciationAmortizationAndAccretion":26000000,"deposits":0,"dividendYield":0,"dividendsPerBasicCommonShare":0,"earningBeforeInterestTaxes":87000000,"earningsBeforeInterestTaxesDepreciationAmortization":113000000,"EBITDAMargin":0.077,"earningsBeforeInterestTaxesDepreciationAmortizationUSD":113000000,"earningBeforeInterestTaxesUSD":87000000,"earningsBeforeTax":87000000,"earningsPerBasicShare":0.012,"earningsPerDilutedShare":0.012,"earningsPerBasicShareUSD":0.012,"shareholdersEquity":3858000000,"shareholdersEquityUSD":3858000000,"enterpriseValue":4895112960,"enterpriseValueOverEBIT":52,"enterpriseValueOverEBITDA":26.46,"freeCashFlow":-63000000,"freeCashFlowPerShare":-0.013,"foreignCurrencyUSDExchangeRate":1,"grossProfit":434000000,"grossMargin":0.294,"goodwillAndIntangibleAssets":0,"interestExpense":0,"investedCapital":2653000000,"inventory":19000000,"investments":2243000000,"investmentsCurrent":2097000000,"investmentsNonCurrent":146000000,"totalLiabilities":2213000000,"currentLiabilities":1614000000,"liabilitiesNonCurrent":599000000,"marketCapitalization":6699112960,"netCashFlow":-17000000,"netCashFlowBusinessAcquisitionsDisposals":0,"issuanceEquityShares":6000000,"issuanceDebtSecurities":0,"paymentDividendsOtherCashDistributions":0,"netCashFlowFromFinancing":6000000,"netCashFlowFromInvesting":10000000,"netCashFlowInvestmentAcquisitionsDisposals":40000000,"netCashFlowFromOperations":-33000000,"effectOfExchangeRateChangesOnCash":0,"netIncome":61000000,"netIncomeCommonStock":61000000,"netIncomeCommonStockUSD":61000000,"netLossIncomeFromDiscontinuedOperations":0,"netIncomeToNonControllingInterests":0,"profitMargin":0.041,"operatingExpenses":403000000,"operatingIncome":31000000,"tradeAndNonTradePayables":847000000,"payoutRatio":0,"priceToBookValue":1.736,"priceEarnings":84.799,"priceToEarningsRatio":85.25,"propertyPlantEquipmentNet":347000000,"preferredDividendsIncomeStatementImpact":0,"sharePriceAdjustedClose":1.364,"priceSales":1.158,"priceToSalesRatio":1.152,"tradeAndNonTradeReceivables":598000000,"accumulatedRetainedEarningsDeficit":2194000000,"revenues":1475000000,"revenuesUSD":1475000000,"researchAndDevelopmentExpense":111000000,"shareBasedCompensation":0,"sellingGeneralAndAdministrativeExpense":281000000,"shareFactor":1,"shares":4911373138,"weightedAverageShares":4882710000,"weightedAverageSharesDiluted":5024768000,"salesPerShare":0.302,"tangibleAssetValue":6071000000,"taxAssets":173000000,"incomeTaxExpense":26000000,"taxLiabilities":282000000,"tangibleAssetsBookValuePerShare":1.243,"workingCapital":3634000000},{"ticker":"AAPL","period":"Q","calendarDate":"2001-09-30","reportPeriod":"2001-09-29","updated":"2020-05-01","dateKey":"2001-12-21","accumulatedOtherComprehensiveIncome":-22000000,"assets":6021000000,"assetsCurrent":5143000000,"assetsNonCurrent":878000000,"bookValuePerShare":0.798,"capitalExpenditure":-163000000,"cashAndEquivalents":2310000000,"cashAndEquivalentsUSD":2310000000,"costOfRevenue":1013000000,"consolidatedIncome":66000000,"currentRatio":3.388,"debtToEquityRatio":0.536,"debt":317000000,"debtCurrent":0,"debtNonCurrent":317000000,"debtUSD":317000000,"deferredRevenue":0,"depreciationAmortizationAndAccretion":30000000,"deposits":0,"dividendYield":0,"dividendsPerBasicCommonShare":0,"earningBeforeInterestTaxes":94000000,"earningsBeforeInterestTaxesDepreciationAmortization":124000000,"EBITDAMargin":0.086,"earningsBeforeInterestTaxesDepreciationAmortizationUSD":124000000,"earningBeforeInterestTaxesUSD":94000000,"earningsBeforeTax":94000000,"earningsPerBasicShare":0.014,"earningsPerDilutedShare":0.014,"earningsPerBasicShareUSD":0.014,"shareholdersEquity":3920000000,"shareholdersEquityUSD":3920000000,"enterpriseValue":5393173172,"enterpriseValueOverEBIT":-135,"enterpriseValueOverEBITDA":86.987,"freeCashFlow":112000000,"freeCashFlowPerShare":0.023,"foreignCurrencyUSDExchangeRate":1,"grossProfit":437000000,"grossMargin":0.301,"goodwillAndIntangibleAssets":0,"interestExpense":0,"investedCapital":2510000000,"inventory":11000000,"investments":2154000000,"investmentsCurrent":2026000000,"investmentsNonCurrent":128000000,"totalLiabilities":2101000000,"currentLiabilities":1518000000,"liabilitiesNonCurrent":583000000,"marketCapitalization":7386173172,"netCashFlow":189000000,"netCashFlowBusinessAcquisitionsDisposals":0,"issuanceEquityShares":18000000,"issuanceDebtSecurities":0,"paymentDividendsOtherCashDistributions":0,"netCashFlowFromFinancing":18000000,"netCashFlowFromInvesting":-104000000,"netCashFlowInvestmentAcquisitionsDisposals":88000000,"netCashFlowFromOperations":275000000,"effectOfExchangeRateChangesOnCash":0,"netIncome":66000000,"netIncomeCommonStock":66000000,"netIncomeCommonStockUSD":66000000,"netLossIncomeFromDiscontinuedOperations":0,"netIncomeToNonControllingInterests":0,"profitMargin":0.046,"operatingExpenses":384000000,"operatingIncome":53000000,"tradeAndNonTradePayables":801000000,"payoutRatio":0,"priceToBookValue":1.884,"priceEarnings":-295.447,"priceToEarningsRatio":-300,"propertyPlantEquipmentNet":564000000,"preferredDividendsIncomeStatementImpact":0,"sharePriceAdjustedClose":1.5,"priceSales":1.377,"priceToSalesRatio":1.353,"tradeAndNonTradeReceivables":466000000,"accumulatedRetainedEarningsDeficit":2260000000,"revenues":1450000000,"revenuesUSD":1450000000,"researchAndDevelopmentExpense":116000000,"shareBasedCompensation":0,"sellingGeneralAndAdministrativeExpense":268000000,"shareFactor":1,"shares":4924115448,"weightedAverageShares":4911494000,"weightedAverageSharesDiluted":4911494000,"salesPerShare":0.295,"tangibleAssetValue":6021000000,"taxAssets":169000000,"incomeTaxExpense":28000000,"taxLiabilities":266000000,"tangibleAssetsBookValuePerShare":1.226,"workingCapital":3625000000},{"ticker":"AAPL","period":"Q","calendarDate":"2001-12-31","reportPeriod":"2001-12-29","updated":"2020-05-01","dateKey":"2002-02-11","accumulatedOtherComprehensiveIncome":-28000000,"assets":6122000000,"assetsCurrent":5272000000,"assetsNonCurrent":850000000,"bookValuePerShare":0.806,"capitalExpenditure":-36000000,"cashAndEquivalents":1946000000,"cashAndEquivalentsUSD":1946000000,"costOfRevenue":953000000,"consolidatedIncome":38000000,"currentRatio":3.339,"debtToEquityRatio":0.544,"debt":315000000,"debtCurrent":0,"debtNonCurrent":315000000,"debtUSD":315000000,"deferredRevenue":0,"depreciationAmortizationAndAccretion":28000000,"deposits":0,"dividendYield":0,"dividendsPerBasicCommonShare":0,"earningBeforeInterestTaxes":53000000,"earningsBeforeInterestTaxesDepreciationAmortization":81000000,"EBITDAMargin":0.059,"earningsBeforeInterestTaxesDepreciationAmortizationUSD":81000000,"earningBeforeInterestTaxesUSD":53000000,"earningsBeforeTax":53000000,"earningsPerBasicShare":0.008,"earningsPerDilutedShare":0.008,"earningsPerBasicShareUSD":0.008,"shareholdersEquity":3966000000,"shareholdersEquityUSD":3966000000,"enterpriseValue":7195092634,"enterpriseValueOverEBIT":24,"enterpriseValueOverEBITDA":17.898,"freeCashFlow":6000000,"freeCashFlowPerShare":0.001,"foreignCurrencyUSDExchangeRate":1,"grossProfit":422000000,"grossMargin":0.307,"goodwillAndIntangibleAssets":75000000,"interestExpense":0,"investedCapital":2837000000,"inventory":23000000,"investments":2522000000,"investmentsCurrent":2421000000,"investmentsNonCurrent":101000000,"totalLiabilities":2156000000,"currentLiabilities":1579000000,"liabilitiesNonCurrent":577000000,"marketCapitalization":8826092634,"netCashFlow":-364000000,"netCashFlowBusinessAcquisitionsDisposals":0,"issuanceEquityShares":11000000,"issuanceDebtSecurities":0,"paymentDividendsOtherCashDistributions":0,"netCashFlowFromFinancing":11000000,"netCashFlowFromInvesting":-417000000,"netCashFlowInvestmentAcquisitionsDisposals":-391000000,"netCashFlowFromOperations":42000000,"effectOfExchangeRateChangesOnCash":0,"netIncome":38000000,"netIncomeCommonStock":38000000,"netIncomeCommonStockUSD":38000000,"netLossIncomeFromDiscontinuedOperations":0,"netIncomeToNonControllingInterests":0,"profitMargin":0.028,"operatingExpenses":426000000,"operatingIncome":-4000000,"tradeAndNonTradePayables":830000000,"payoutRatio":0,"priceToBookValue":2.225,"priceEarnings":42.433,"priceToEarningsRatio":42.476,"propertyPlantEquipmentNet":573000000,"preferredDividendsIncomeStatementImpact":0,"sharePriceAdjustedClose":1.784,"priceSales":1.54,"priceToSalesRatio":1.531,"tradeAndNonTradeReceivables":498000000,"accumulatedRetainedEarningsDeficit":2298000000,"revenues":1375000000,"revenuesUSD":1375000000,"researchAndDevelopmentExpense":113000000,"shareBasedCompensation":0,"sellingGeneralAndAdministrativeExpense":289000000,"shareFactor":1,"shares":4947361342,"weightedAverageShares":4918620000,"weightedAverageSharesDiluted":5005126000,"salesPerShare":0.28,"tangibleAssetValue":6047000000,"taxAssets":171000000,"incomeTaxExpense":15000000,"taxLiabilities":262000000,"tangibleAssetsBookValuePerShare":1.229,"workingCapital":3693000000},{"ticker":"AAPL","period":"Q","calendarDate":"2002-03-31","reportPeriod":"2002-03-30","updated":"2020-05-01","dateKey":"2002-05-14","accumulatedOtherComprehensiveIncome":-62000000,"assets":6264000000,"assetsCurrent":5414000000,"assetsNonCurrent":850000000,"bookValuePerShare":0.811,"capitalExpenditure":-43000000,"cashAndEquivalents":1159000000,"cashAndEquivalentsUSD":1159000000,"costOfRevenue":1086000000,"consolidatedIncome":40000000,"currentRatio":3.168,"debtToEquityRatio":0.561,"debt":311000000,"debtCurrent":0,"debtNonCurrent":311000000,"debtUSD":311000000,"deferredRevenue":0,"depreciationAmortizationAndAccretion":29000000,"deposits":0,"dividendYield":0,"dividendsPerBasicCommonShare":0,"earningBeforeInterestTaxes":55000000,"earningsBeforeInterestTaxesDepreciationAmortization":84000000,"EBITDAMargin":0.056,"earningsBeforeInterestTaxesDepreciationAmortizationUSD":84000000,"earningBeforeInterestTaxesUSD":55000000,"earningsBeforeTax":55000000,"earningsPerBasicShare":0.008,"earningsPerDilutedShare":0.008,"earningsPerBasicShareUSD":0.008,"shareholdersEquity":4014000000,"shareholdersEquityUSD":4014000000,"enterpriseValue":8260059757,"enterpriseValueOverEBIT":29,"enterpriseValueOverEBITDA":20.547,"freeCashFlow":-41000000,"freeCashFlowPerShare":-0.008,"foreignCurrencyUSDExchangeRate":1,"grossProfit":409000000,"grossMargin":0.274,"goodwillAndIntangibleAssets":81000000,"interestExpense":0,"investedCapital":3626000000,"inventory":26000000,"investments":3229000000,"investmentsCurrent":3150000000,"investmentsNonCurrent":79000000,"totalLiabilities":2250000000,"currentLiabilities":1709000000,"liabilitiesNonCurrent":541000000,"marketCapitalization":9108059757,"netCashFlow":-787000000,"netCashFlowBusinessAcquisitionsDisposals":0,"issuanceEquityShares":36000000,"issuanceDebtSecurities":0,"paymentDividendsOtherCashDistributions":0,"netCashFlowFromFinancing":36000000,"netCashFlowFromInvesting":-825000000,"netCashFlowInvestmentAcquisitionsDisposals":-740000000,"netCashFlowFromOperations":2000000,"effectOfExchangeRateChangesOnCash":0,"netIncome":40000000,"netIncomeCommonStock":40000000,"netIncomeCommonStockUSD":40000000,"netLossIncomeFromDiscontinuedOperations":0,"netIncomeToNonControllingInterests":0,"profitMargin":0.027,"operatingExpenses":381000000,"operatingIncome":28000000,"tradeAndNonTradePayables":987000000,"payoutRatio":0,"priceToBookValue":2.269,"priceEarnings":44.43,"priceToEarningsRatio":44.61,"propertyPlantEquipmentNet":587000000,"preferredDividendsIncomeStatementImpact":0,"sharePriceAdjustedClose":1.829,"priceSales":1.572,"priceToSalesRatio":1.562,"tradeAndNonTradeReceivables":644000000,"accumulatedRetainedEarningsDeficit":2338000000,"revenues":1495000000,"revenuesUSD":1495000000,"researchAndDevelopmentExpense":111000000,"shareBasedCompensation":0,"sellingGeneralAndAdministrativeExpense":270000000,"shareFactor":1,"shares":4979803038,"weightedAverageShares":4948720000,"weightedAverageSharesDiluted":5123566000,"salesPerShare":0.302,"tangibleAssetValue":6183000000,"taxAssets":161000000,"incomeTaxExpense":15000000,"taxLiabilities":230000000,"tangibleAssetsBookValuePerShare":1.249,"workingCapital":3705000000},{"ticker":"AAPL","period":"Q","calendarDate":"2002-06-30","reportPeriod":"2002-06-29","updated":"2020-05-01","dateKey":"2002-08-09","accumulatedOtherComprehensiveIncome":-104000000,"assets":6293000000,"assetsCurrent":5443000000,"assetsNonCurrent":850000000,"bookValuePerShare":0.815,"capitalExpenditure":-31000000,"cashAndEquivalents":1246000000,"cashAndEquivalentsUSD":1246000000,"costOfRevenue":1038000000,"consolidatedIncome":32000000,"currentRatio":3.168,"debtToEquityRatio":0.548,"debt":316000000,"debtCurrent":0,"debtNonCurrent":316000000,"debtUSD":316000000,"deferredRevenue":0,"depreciationAmortizationAndAccretion":28000000,"deposits":0,"dividendYield":0,"dividendsPerBasicCommonShare":0,"earningBeforeInterestTaxes":39000000,"earningsBeforeInterestTaxesDepreciationAmortization":67000000,"EBITDAMargin":0.047,"earningsBeforeInterestTaxesDepreciationAmortizationUSD":67000000,"earningBeforeInterestTaxesUSD":39000000,"earningsBeforeTax":39000000,"earningsPerBasicShare":0.006,"earningsPerDilutedShare":0.006,"earningsPerBasicShareUSD":0.006,"shareholdersEquity":4066000000,"shareholdersEquityUSD":4066000000,"enterpriseValue":4451135260,"enterpriseValueOverEBIT":18,"enterpriseValueOverEBITDA":12.503,"freeCashFlow":-68000000,"freeCashFlowPerShare":-0.014,"foreignCurrencyUSDExchangeRate":1,"grossProfit":391000000,"grossMargin":0.274,"goodwillAndIntangibleAssets":99000000,"interestExpense":0,"investedCapital":3546000000,"inventory":34000000,"investments":3108000000,"investmentsCurrent":3060000000,"investmentsNonCurrent":48000000,"totalLiabilities":2227000000,"currentLiabilities":1718000000,"liabilitiesNonCurrent":509000000,"marketCapitalization":5381135260,"netCashFlow":87000000,"netCashFlowBusinessAcquisitionsDisposals":0,"issuanceEquityShares":42000000,"issuanceDebtSecurities":0,"paymentDividendsOtherCashDistributions":0,"netCashFlowFromFinancing":42000000,"netCashFlowFromInvesting":82000000,"netCashFlowInvestmentAcquisitionsDisposals":114000000,"netCashFlowFromOperations":-37000000,"effectOfExchangeRateChangesOnCash":0,"netIncome":32000000,"netIncomeCommonStock":32000000,"netIncomeCommonStockUSD":32000000,"netLossIncomeFromDiscontinuedOperations":0,"netIncomeToNonControllingInterests":0,"profitMargin":0.022,"operatingExpenses":378000000,"operatingIncome":13000000,"tradeAndNonTradePayables":904000000,"payoutRatio":0,"priceToBookValue":1.323,"priceEarnings":30.575,"priceToEarningsRatio":29.75,"propertyPlantEquipmentNet":589000000,"preferredDividendsIncomeStatementImpact":0,"sharePriceAdjustedClose":1.071,"priceSales":0.936,"priceToSalesRatio":0.929,"tradeAndNonTradeReceivables":626000000,"accumulatedRetainedEarningsDeficit":2370000000,"revenues":1429000000,"revenuesUSD":1429000000,"researchAndDevelopmentExpense":106000000,"shareBasedCompensation":0,"sellingGeneralAndAdministrativeExpense":272000000,"shareFactor":1,"shares":5024402670,"weightedAverageShares":4989180000,"weightedAverageSharesDiluted":5136348000,"salesPerShare":0.286,"tangibleAssetValue":6194000000,"taxAssets":164000000,"incomeTaxExpense":7000000,"taxLiabilities":193000000,"tangibleAssetsBookValuePerShare":1.241,"workingCapital":3725000000},{"ticker":"AAPL","period":"Q","calendarDate":"2002-09-30","reportPeriod":"2002-09-28","updated":"2020-05-01","dateKey":"2002-12-19","accumulatedOtherComprehensiveIncome":-49000000,"assets":6298000000,"assetsCurrent":5388000000,"assetsNonCurrent":910000000,"bookValuePerShare":0.815,"capitalExpenditure":-64000000,"cashAndEquivalents":2252000000,"cashAndEquivalentsUSD":2252000000,"costOfRevenue":1062000000,"consolidatedIncome":-45000000,"currentRatio":3.25,"debtToEquityRatio":0.538,"debt":316000000,"debtCurrent":0,"debtNonCurrent":316000000,"debtUSD":316000000,"deferredRevenue":0,"depreciationAmortizationAndAccretion":33000000,"deposits":0,"dividendYield":0,"dividendsPerBasicCommonShare":0,"earningBeforeInterestTaxes":-60000000,"earningsBeforeInterestTaxesDepreciationAmortization":-27000000,"EBITDAMargin":-0.019,"earningsBeforeInterestTaxesDepreciationAmortizationUSD":-27000000,"earningBeforeInterestTaxesUSD":-60000000,"earningsBeforeTax":-60000000,"earningsPerBasicShare":-0.009,"earningsPerDilutedShare":-0.009,"earningsPerBasicShareUSD":-0.009,"shareholdersEquity":4095000000,"shareholdersEquityUSD":4095000000,"enterpriseValue":3162288750,"enterpriseValueOverEBIT":36,"enterpriseValueOverEBITDA":15.426,"freeCashFlow":18000000,"freeCashFlowPerShare":0.004,"foreignCurrencyUSDExchangeRate":1,"grossProfit":381000000,"grossMargin":0.264,"goodwillAndIntangibleAssets":119000000,"interestExpense":0,"investedCapital":2585000000,"inventory":45000000,"investments":2124000000,"investmentsCurrent":2085000000,"investmentsNonCurrent":39000000,"totalLiabilities":2203000000,"currentLiabilities":1658000000,"liabilitiesNonCurrent":545000000,"marketCapitalization":5098288750,"netCashFlow":1006000000,"netCashFlowBusinessAcquisitionsDisposals":-52000000,"issuanceEquityShares":16000000,"issuanceDebtSecurities":0,"paymentDividendsOtherCashDistributions":0,"netCashFlowFromFinancing":16000000,"netCashFlowFromInvesting":908000000,"netCashFlowInvestmentAcquisitionsDisposals":998000000,"netCashFlowFromOperations":82000000,"effectOfExchangeRateChangesOnCash":0,"netIncome":-45000000,"netIncomeCommonStock":-45000000,"netIncomeCommonStockUSD":-45000000,"netLossIncomeFromDiscontinuedOperations":0,"netIncomeToNonControllingInterests":0,"profitMargin":-0.031,"operatingExpenses":401000000,"operatingIncome":-20000000,"tradeAndNonTradePayables":911000000,"payoutRatio":0,"priceToBookValue":1.245,"priceEarnings":78.435,"priceToEarningsRatio":78,"propertyPlantEquipmentNet":621000000,"preferredDividendsIncomeStatementImpact":0,"sharePriceAdjustedClose":1.014,"priceSales":0.888,"priceToSalesRatio":0.878,"tradeAndNonTradeReceivables":565000000,"accumulatedRetainedEarningsDeficit":2325000000,"revenues":1443000000,"revenuesUSD":1443000000,"researchAndDevelopmentExpense":116000000,"shareBasedCompensation":0,"sellingGeneralAndAdministrativeExpense":280000000,"shareFactor":1,"shares":5027898176,"weightedAverageShares":5021632000,"weightedAverageSharesDiluted":4995564000,"salesPerShare":0.287,"tangibleAssetValue":6179000000,"taxAssets":166000000,"incomeTaxExpense":-15000000,"taxLiabilities":229000000,"tangibleAssetsBookValuePerShare":1.23,"workingCapital":3730000000},{"ticker":"AAPL","period":"Q","calendarDate":"2002-12-31","reportPeriod":"2002-12-28","updated":"2020-05-01","dateKey":"2003-02-10","accumulatedOtherComprehensiveIncome":-40000000,"assets":6269000000,"assetsCurrent":5384000000,"assetsNonCurrent":885000000,"bookValuePerShare":0.819,"capitalExpenditure":-20000000,"cashAndEquivalents":2612000000,"cashAndEquivalentsUSD":2612000000,"costOfRevenue":1066000000,"consolidatedIncome":-8000000,"currentRatio":3.376,"debtToEquityRatio":0.523,"debt":320000000,"debtCurrent":0,"debtNonCurrent":320000000,"debtUSD":320000000,"deferredRevenue":0,"depreciationAmortizationAndAccretion":32000000,"deposits":0,"dividendYield":0,"dividendsPerBasicCommonShare":0,"earningBeforeInterestTaxes":-10000000,"earningsBeforeInterestTaxesDepreciationAmortization":22000000,"EBITDAMargin":0.015,"earningsBeforeInterestTaxesDepreciationAmortizationUSD":22000000,"earningBeforeInterestTaxesUSD":-10000000,"earningsBeforeTax":-10000000,"earningsPerBasicShare":-0.001,"earningsPerDilutedShare":-0.001,"earningsPerBasicShareUSD":-0.001,"shareholdersEquity":4116000000,"shareholdersEquityUSD":4116000000,"enterpriseValue":2880867523,"enterpriseValueOverEBIT":120,"enterpriseValueOverEBITDA":19.732,"freeCashFlow":90000000,"freeCashFlowPerShare":0.018,"foreignCurrencyUSDExchangeRate":1,"grossProfit":406000000,"grossMargin":0.276,"goodwillAndIntangibleAssets":116000000,"interestExpense":0,"investedCapital":2266000000,"inventory":44000000,"investments":1878000000,"investmentsCurrent":1850000000,"investmentsNonCurrent":28000000,"totalLiabilities":2153000000,"currentLiabilities":1595000000,"liabilitiesNonCurrent":558000000,"marketCapitalization":5172867523,"netCashFlow":360000000,"netCashFlowBusinessAcquisitionsDisposals":0,"issuanceEquityShares":13000000,"issuanceDebtSecurities":0,"paymentDividendsOtherCashDistributions":0,"netCashFlowFromFinancing":13000000,"netCashFlowFromInvesting":237000000,"netCashFlowInvestmentAcquisitionsDisposals":248000000,"netCashFlowFromOperations":110000000,"effectOfExchangeRateChangesOnCash":0,"netIncome":-8000000,"netIncomeCommonStock":-8000000,"netIncomeCommonStockUSD":-8000000,"netLossIncomeFromDiscontinuedOperations":0,"netIncomeToNonControllingInterests":0,"profitMargin":-0.005,"operatingExpenses":443000000,"operatingIncome":-37000000,"tradeAndNonTradePayables":817000000,"payoutRatio":0,"priceToBookValue":1.257,"priceEarnings":272.256,"priceToEarningsRatio":256.25,"propertyPlantEquipmentNet":605000000,"preferredDividendsIncomeStatementImpact":0,"sharePriceAdjustedClose":1.025,"priceSales":0.886,"priceToSalesRatio":0.882,"tradeAndNonTradeReceivables":497000000,"accumulatedRetainedEarningsDeficit":2317000000,"revenues":1472000000,"revenuesUSD":1472000000,"researchAndDevelopmentExpense":121000000,"shareBasedCompensation":0,"sellingGeneralAndAdministrativeExpense":299000000,"shareFactor":1,"shares":5046700022,"weightedAverageShares":5026798000,"weightedAverageSharesDiluted":5026798000,"salesPerShare":0.293,"tangibleAssetValue":6153000000,"taxAssets":177000000,"incomeTaxExpense":-2000000,"taxLiabilities":238000000,"tangibleAssetsBookValuePerShare":1.224,"workingCapital":3789000000},{"ticker":"AAPL","period":"Q","calendarDate":"2003-03-31","reportPeriod":"2003-03-29","updated":"2020-05-01","dateKey":"2003-05-13","accumulatedOtherComprehensiveIncome":-36000000,"assets":6361000000,"assetsCurrent":5468000000,"assetsNonCurrent":893000000,"bookValuePerShare":0.82,"capitalExpenditure":-40000000,"cashAndEquivalents":3410000000,"cashAndEquivalentsUSD":3410000000,"costOfRevenue":1057000000,"consolidatedIncome":14000000,"currentRatio":2.724,"debtToEquityRatio":0.537,"debt":310000000,"debtCurrent":310000000,"debtNonCurrent":0,"debtUSD":310000000,"deferredRevenue":0,"depreciationAmortizationAndAccretion":30000000,"deposits":0,"dividendYield":0,"dividendsPerBasicCommonShare":0,"earningBeforeInterestTaxes":19000000,"earningsBeforeInterestTaxesDepreciationAmortization":49000000,"EBITDAMargin":0.033,"earningsBeforeInterestTaxesDepreciationAmortizationUSD":49000000,"earningBeforeInterestTaxesUSD":19000000,"earningsBeforeTax":19000000,"earningsPerBasicShare":0.003,"earningsPerDilutedShare":0.003,"earningsPerBasicShareUSD":0.003,"shareholdersEquity":4139000000,"shareholdersEquityUSD":4139000000,"enterpriseValue":3728158768,"enterpriseValueOverEBIT":-311,"enterpriseValueOverEBITDA":33.587,"freeCashFlow":58000000,"freeCashFlowPerShare":0.011,"foreignCurrencyUSDExchangeRate":1,"grossProfit":418000000,"grossMargin":0.283,"goodwillAndIntangibleAssets":114000000,"interestExpense":0,"investedCapital":1140000000,"inventory":41000000,"investments":1116000000,"investmentsCurrent":1116000000,"investmentsNonCurrent":0,"totalLiabilities":2222000000,"currentLiabilities":2007000000,"liabilitiesNonCurrent":215000000,"marketCapitalization":6828158768,"netCashFlow":798000000,"netCashFlowBusinessAcquisitionsDisposals":0,"issuanceEquityShares":3000000,"issuanceDebtSecurities":0,"paymentDividendsOtherCashDistributions":0,"netCashFlowFromFinancing":3000000,"netCashFlowFromInvesting":697000000,"netCashFlowInvestmentAcquisitionsDisposals":731000000,"netCashFlowFromOperations":98000000,"effectOfExchangeRateChangesOnCash":0,"netIncome":14000000,"netIncomeCommonStock":14000000,"netIncomeCommonStockUSD":14000000,"netLossIncomeFromDiscontinuedOperations":0,"netIncomeToNonControllingInterests":0,"profitMargin":0.009,"operatingExpenses":422000000,"operatingIncome":-4000000,"tradeAndNonTradePayables":921000000,"payoutRatio":0,"priceToBookValue":1.65,"priceEarnings":-975.451,"priceToEarningsRatio":-1334,"propertyPlantEquipmentNet":619000000,"preferredDividendsIncomeStatementImpact":0,"sharePriceAdjustedClose":1.334,"priceSales":1.173,"priceToSalesRatio":1.157,"tradeAndNonTradeReceivables":492000000,"accumulatedRetainedEarningsDeficit":2331000000,"revenues":1475000000,"revenuesUSD":1475000000,"researchAndDevelopmentExpense":119000000,"shareBasedCompensation":0,"sellingGeneralAndAdministrativeExpense":300000000,"shareFactor":1,"shares":5118559796,"weightedAverageShares":5046860000,"weightedAverageSharesDiluted":5071402000,"salesPerShare":0.292,"tangibleAssetValue":6247000000,"taxAssets":168000000,"incomeTaxExpense":5000000,"taxLiabilities":215000000,"tangibleAssetsBookValuePerShare":1.238,"workingCapital":3461000000},{"ticker":"AAPL","period":"Q","calendarDate":"2003-06-30","reportPeriod":"2003-06-28","updated":"2020-05-01","dateKey":"2003-08-12","accumulatedOtherComprehensiveIncome":-19000000,"assets":6441000000,"assetsCurrent":5546000000,"assetsNonCurrent":895000000,"bookValuePerShare":0.831,"capitalExpenditure":-46000000,"cashAndEquivalents":3507000000,"cashAndEquivalentsUSD":3507000000,"costOfRevenue":1117000000,"consolidatedIncome":19000000,"currentRatio":2.739,"debtToEquityRatio":0.534,"debt":307000000,"debtCurrent":307000000,"debtNonCurrent":0,"debtUSD":307000000,"deferredRevenue":0,"depreciationAmortizationAndAccretion":31000000,"deposits":0,"dividendYield":0,"dividendsPerBasicCommonShare":0,"earningBeforeInterestTaxes":26000000,"earningsBeforeInterestTaxesDepreciationAmortization":57000000,"EBITDAMargin":0.037,"earningsBeforeInterestTaxesDepreciationAmortizationUSD":57000000,"earningBeforeInterestTaxesUSD":26000000,"earningsBeforeTax":26000000,"earningsPerBasicShare":0.004,"earningsPerDilutedShare":0.004,"earningsPerBasicShareUSD":0.004,"shareholdersEquity":4198000000,"shareholdersEquityUSD":4198000000,"enterpriseValue":3940543221,"enterpriseValueOverEBIT":-158,"enterpriseValueOverEBITDA":39.015,"freeCashFlow":-38000000,"freeCashFlowPerShare":-0.008,"foreignCurrencyUSDExchangeRate":1,"grossProfit":428000000,"grossMargin":0.277,"goodwillAndIntangibleAssets":112000000,"interestExpense":0,"investedCapital":1104000000,"inventory":38000000,"investments":1038000000,"investmentsCurrent":1038000000,"investmentsNonCurrent":0,"totalLiabilities":2243000000,"currentLiabilities":2025000000,"liabilitiesNonCurrent":218000000,"marketCapitalization":7140543221,"netCashFlow":97000000,"netCashFlowBusinessAcquisitionsDisposals":0,"issuanceEquityShares":15000000,"issuanceDebtSecurities":0,"paymentDividendsOtherCashDistributions":0,"netCashFlowFromFinancing":15000000,"netCashFlowFromInvesting":74000000,"netCashFlowInvestmentAcquisitionsDisposals":102000000,"netCashFlowFromOperations":8000000,"effectOfExchangeRateChangesOnCash":0,"netIncome":19000000,"netIncomeCommonStock":19000000,"netIncomeCommonStockUSD":19000000,"netLossIncomeFromDiscontinuedOperations":0,"netIncomeToNonControllingInterests":0,"profitMargin":0.012,"operatingExpenses":419000000,"operatingIncome":9000000,"tradeAndNonTradePayables":880000000,"payoutRatio":0,"priceToBookValue":1.701,"priceEarnings":-357.027,"priceToEarningsRatio":-351.75,"propertyPlantEquipmentNet":639000000,"preferredDividendsIncomeStatementImpact":0,"sharePriceAdjustedClose":1.407,"priceSales":1.203,"priceToSalesRatio":1.197,"tradeAndNonTradeReceivables":568000000,"accumulatedRetainedEarningsDeficit":2350000000,"revenues":1545000000,"revenuesUSD":1545000000,"researchAndDevelopmentExpense":120000000,"shareBasedCompensation":0,"sellingGeneralAndAdministrativeExpense":299000000,"shareFactor":1,"shares":5075012950,"weightedAverageShares":5051102000,"weightedAverageSharesDiluted":5092878000,"salesPerShare":0.306,"tangibleAssetValue":6329000000,"taxAssets":176000000,"incomeTaxExpense":7000000,"taxLiabilities":218000000,"tangibleAssetsBookValuePerShare":1.253,"workingCapital":3521000000},{"ticker":"AAPL","period":"Q","calendarDate":"2003-09-30","reportPeriod":"2003-09-27","updated":"2020-05-01","dateKey":"2003-12-19","accumulatedOtherComprehensiveIncome":-35000000,"assets":6815000000,"assetsCurrent":5887000000,"assetsNonCurrent":928000000,"bookValuePerShare":0.833,"capitalExpenditure":-58000000,"cashAndEquivalents":3396000000,"cashAndEquivalentsUSD":3396000000,"costOfRevenue":1259000000,"consolidatedIncome":44000000,"currentRatio":2.498,"debtToEquityRatio":0.614,"debt":304000000,"debtCurrent":304000000,"debtNonCurrent":0,"debtUSD":304000000,"deferredRevenue":0,"depreciationAmortizationAndAccretion":20000000,"deposits":0,"dividendYield":0,"dividendsPerBasicCommonShare":0,"earningBeforeInterestTaxes":58000000,"earningsBeforeInterestTaxesDepreciationAmortization":78000000,"EBITDAMargin":0.045,"earningsBeforeInterestTaxesDepreciationAmortizationUSD":78000000,"earningBeforeInterestTaxesUSD":58000000,"earningsBeforeTax":58000000,"earningsPerBasicShare":0.009,"earningsPerDilutedShare":0.009,"earningsPerBasicShareUSD":0.009,"shareholdersEquity":4223000000,"shareholdersEquityUSD":4223000000,"enterpriseValue":4151643242,"enterpriseValueOverEBIT":45,"enterpriseValueOverEBITDA":20.154,"freeCashFlow":15000000,"freeCashFlowPerShare":0.003,"foreignCurrencyUSDExchangeRate":1,"grossProfit":456000000,"grossMargin":0.266,"goodwillAndIntangibleAssets":109000000,"interestExpense":0,"investedCapital":1257000000,"inventory":56000000,"investments":1170000000,"investmentsCurrent":1170000000,"investmentsNonCurrent":0,"totalLiabilities":2592000000,"currentLiabilities":2357000000,"liabilitiesNonCurrent":235000000,"marketCapitalization":7243643242,"netCashFlow":-111000000,"netCashFlowBusinessAcquisitionsDisposals":0,"issuanceEquityShares":-4000000,"issuanceDebtSecurities":0,"paymentDividendsOtherCashDistributions":0,"netCashFlowFromFinancing":-4000000,"netCashFlowFromInvesting":-180000000,"netCashFlowInvestmentAcquisitionsDisposals":-122000000,"netCashFlowFromOperations":73000000,"effectOfExchangeRateChangesOnCash":0,"netIncome":44000000,"netIncomeCommonStock":44000000,"netIncomeCommonStockUSD":44000000,"netLossIncomeFromDiscontinuedOperations":0,"netIncomeToNonControllingInterests":0,"profitMargin":0.026,"operatingExpenses":425000000,"operatingIncome":31000000,"tradeAndNonTradePayables":1154000000,"payoutRatio":0,"priceToBookValue":1.715,"priceEarnings":104.98,"priceToEarningsRatio":100.5,"propertyPlantEquipmentNet":669000000,"preferredDividendsIncomeStatementImpact":0,"sharePriceAdjustedClose":1.407,"priceSales":1.167,"priceToSalesRatio":1.144,"tradeAndNonTradeReceivables":766000000,"accumulatedRetainedEarningsDeficit":2394000000,"revenues":1715000000,"revenuesUSD":1715000000,"researchAndDevelopmentExpense":111000000,"shareBasedCompensation":16000000,"sellingGeneralAndAdministrativeExpense":314000000,"shareFactor":1,"shares":5148289440,"weightedAverageShares":5070590000,"weightedAverageSharesDiluted":5132414000,"salesPerShare":0.338,"tangibleAssetValue":6706000000,"taxAssets":190000000,"incomeTaxExpense":14000000,"taxLiabilities":235000000,"tangibleAssetsBookValuePerShare":1.323,"workingCapital":3530000000},{"ticker":"AAPL","period":"Q","calendarDate":"2003-12-31","reportPeriod":"2003-12-27","updated":"2020-05-01","dateKey":"2004-02-10","accumulatedOtherComprehensiveIncome":-31000000,"assets":6971000000,"assetsCurrent":6029000000,"assetsNonCurrent":942000000,"bookValuePerShare":0.853,"capitalExpenditure":-44000000,"cashAndEquivalents":3724000000,"cashAndEquivalentsUSD":3724000000,"costOfRevenue":1470000000,"consolidatedIncome":63000000,"currentRatio":2.531,"debtToEquityRatio":0.61,"debt":302000000,"debtCurrent":302000000,"debtNonCurrent":0,"debtUSD":302000000,"deferredRevenue":0,"depreciationAmortizationAndAccretion":33000000,"deposits":0,"dividendYield":0,"dividendsPerBasicCommonShare":0,"earningBeforeInterestTaxes":87000000,"earningsBeforeInterestTaxesDepreciationAmortization":120000000,"EBITDAMargin":0.06,"earningsBeforeInterestTaxesDepreciationAmortizationUSD":120000000,"earningBeforeInterestTaxesUSD":87000000,"earningsBeforeTax":87000000,"earningsPerBasicShare":0.012,"earningsPerDilutedShare":0.012,"earningsPerBasicShareUSD":0.012,"shareholdersEquity":4330000000,"shareholdersEquityUSD":4330000000,"enterpriseValue":5072182143,"enterpriseValueOverEBIT":27,"enterpriseValueOverEBITDA":16.685,"freeCashFlow":175000000,"freeCashFlowPerShare":0.034,"foreignCurrencyUSDExchangeRate":1,"grossProfit":536000000,"grossMargin":0.267,"goodwillAndIntangibleAssets":107000000,"interestExpense":0,"investedCapital":1060000000,"inventory":89000000,"investments":1067000000,"investmentsCurrent":1067000000,"investmentsNonCurrent":0,"totalLiabilities":2641000000,"currentLiabilities":2382000000,"liabilitiesNonCurrent":259000000,"marketCapitalization":8494182143,"netCashFlow":328000000,"netCashFlowBusinessAcquisitionsDisposals":0,"issuanceEquityShares":32000000,"issuanceDebtSecurities":0,"paymentDividendsOtherCashDistributions":0,"netCashFlowFromFinancing":32000000,"netCashFlowFromInvesting":77000000,"netCashFlowInvestmentAcquisitionsDisposals":108000000,"netCashFlowFromOperations":219000000,"effectOfExchangeRateChangesOnCash":0,"netIncome":63000000,"netIncomeCommonStock":63000000,"netIncomeCommonStockUSD":63000000,"netLossIncomeFromDiscontinuedOperations":0,"netIncomeToNonControllingInterests":0,"profitMargin":0.031,"operatingExpenses":462000000,"operatingIncome":74000000,"tradeAndNonTradePayables":1085000000,"payoutRatio":0,"priceToBookValue":1.962,"priceEarnings":60.673,"priceToEarningsRatio":60.778,"propertyPlantEquipmentNet":684000000,"preferredDividendsIncomeStatementImpact":0,"sharePriceAdjustedClose":1.641,"priceSales":1.26,"priceToSalesRatio":1.235,"tradeAndNonTradeReceivables":586000000,"accumulatedRetainedEarningsDeficit":2457000000,"revenues":2006000000,"revenuesUSD":2006000000,"researchAndDevelopmentExpense":119000000,"shareBasedCompensation":7000000,"sellingGeneralAndAdministrativeExpense":343000000,"shareFactor":1,"shares":5176223122,"weightedAverageShares":5074300000,"weightedAverageSharesDiluted":5212312000,"salesPerShare":0.395,"tangibleAssetValue":6864000000,"taxAssets":218000000,"incomeTaxExpense":24000000,"taxLiabilities":259000000,"tangibleAssetsBookValuePerShare":1.353,"workingCapital":3647000000},{"ticker":"AAPL","period":"Q","calendarDate":"2004-03-31","reportPeriod":"2004-03-27","updated":"2020-05-01","dateKey":"2004-05-06","accumulatedOtherComprehensiveIncome":-10000000,"assets":6735000000,"assetsCurrent":5784000000,"assetsNonCurrent":951000000,"bookValuePerShare":0.878,"capitalExpenditure":-35000000,"cashAndEquivalents":3158000000,"cashAndEquivalentsUSD":3158000000,"costOfRevenue":1379000000,"consolidatedIncome":46000000,"currentRatio":2.921,"debtToEquityRatio":0.5,"debt":0,"debtCurrent":0,"debtNonCurrent":0,"debtUSD":0,"deferredRevenue":0,"depreciationAmortizationAndAccretion":36000000,"deposits":0,"dividendYield":0,"dividendsPerBasicCommonShare":0,"earningBeforeInterestTaxes":64000000,"earningsBeforeInterestTaxesDepreciationAmortization":100000000,"EBITDAMargin":0.052,"earningsBeforeInterestTaxesDepreciationAmortizationUSD":100000000,"earningBeforeInterestTaxesUSD":64000000,"earningsBeforeTax":64000000,"earningsPerBasicShare":0.009,"earningsPerDilutedShare":0.009,"earningsPerBasicShareUSD":0.009,"shareholdersEquity":4490000000,"shareholdersEquityUSD":4490000000,"enterpriseValue":6945803897,"enterpriseValueOverEBIT":30,"enterpriseValueOverEBITDA":19.566,"freeCashFlow":26000000,"freeCashFlowPerShare":0.005,"foreignCurrencyUSDExchangeRate":1,"grossProfit":530000000,"grossMargin":0.278,"goodwillAndIntangibleAssets":106000000,"interestExpense":0,"investedCapital":1491000000,"inventory":63000000,"investments":1436000000,"investmentsCurrent":1436000000,"investmentsNonCurrent":0,"totalLiabilities":2245000000,"currentLiabilities":1980000000,"liabilitiesNonCurrent":265000000,"marketCapitalization":10103803897,"netCashFlow":-566000000,"netCashFlowBusinessAcquisitionsDisposals":0,"issuanceEquityShares":76000000,"issuanceDebtSecurities":-300000000,"paymentDividendsOtherCashDistributions":0,"netCashFlowFromFinancing":-224000000,"netCashFlowFromInvesting":-403000000,"netCashFlowInvestmentAcquisitionsDisposals":-367000000,"netCashFlowFromOperations":61000000,"effectOfExchangeRateChangesOnCash":0,"netIncome":46000000,"netIncomeCommonStock":46000000,"netIncomeCommonStockUSD":46000000,"netLossIncomeFromDiscontinuedOperations":0,"netIncomeToNonControllingInterests":0,"profitMargin":0.024,"operatingExpenses":478000000,"operatingIncome":52000000,"tradeAndNonTradePayables":991000000,"payoutRatio":0,"priceToBookValue":2.25,"priceEarnings":58.743,"priceToEarningsRatio":55.853,"propertyPlantEquipmentNet":687000000,"preferredDividendsIncomeStatementImpact":0,"sharePriceAdjustedClose":1.899,"priceSales":1.408,"priceToSalesRatio":1.354,"tradeAndNonTradeReceivables":585000000,"accumulatedRetainedEarningsDeficit":2503000000,"revenues":1909000000,"revenuesUSD":1909000000,"researchAndDevelopmentExpense":123000000,"shareBasedCompensation":6000000,"sellingGeneralAndAdministrativeExpense":345000000,"shareFactor":1,"shares":5320591836,"weightedAverageShares":5114858000,"weightedAverageSharesDiluted":5295220000,"salesPerShare":0.373,"tangibleAssetValue":6629000000,"taxAssets":216000000,"incomeTaxExpense":18000000,"taxLiabilities":265000000,"tangibleAssetsBookValuePerShare":1.296,"workingCapital":3804000000},{"ticker":"AAPL","period":"Q","calendarDate":"2004-06-30","reportPeriod":"2004-06-26","updated":"2020-05-01","dateKey":"2004-08-05","accumulatedOtherComprehensiveIncome":-18000000,"assets":7223000000,"assetsCurrent":6286000000,"assetsNonCurrent":937000000,"bookValuePerShare":0.917,"capitalExpenditure":-38000000,"cashAndEquivalents":3120000000,"cashAndEquivalentsUSD":3120000000,"costOfRevenue":1455000000,"consolidatedIncome":61000000,"currentRatio":2.917,"debtToEquityRatio":0.501,"debt":0,"debtCurrent":0,"debtNonCurrent":0,"debtUSD":0,"deferredRevenue":0,"depreciationAmortizationAndAccretion":41000000,"deposits":0,"dividendYield":0,"dividendsPerBasicCommonShare":0,"earningBeforeInterestTaxes":85000000,"earningsBeforeInterestTaxesDepreciationAmortization":126000000,"EBITDAMargin":0.063,"earningsBeforeInterestTaxesDepreciationAmortizationUSD":126000000,"earningBeforeInterestTaxesUSD":85000000,"earningsBeforeTax":85000000,"earningsPerBasicShare":0.011,"earningsPerDilutedShare":0.011,"earningsPerBasicShareUSD":0.011,"shareholdersEquity":4812000000,"shareholdersEquityUSD":4812000000,"enterpriseValue":9056192348,"enterpriseValueOverEBIT":31,"enterpriseValueOverEBITDA":21.359,"freeCashFlow":173000000,"freeCashFlowPerShare":0.033,"foreignCurrencyUSDExchangeRate":1,"grossProfit":559000000,"grossMargin":0.278,"goodwillAndIntangibleAssets":99000000,"interestExpense":0,"investedCapital":1849000000,"inventory":72000000,"investments":1846000000,"investmentsCurrent":1846000000,"investmentsNonCurrent":0,"totalLiabilities":2411000000,"currentLiabilities":2155000000,"liabilitiesNonCurrent":256000000,"marketCapitalization":12176192348,"netCashFlow":-38000000,"netCashFlowBusinessAcquisitionsDisposals":0,"issuanceEquityShares":211000000,"issuanceDebtSecurities":0,"paymentDividendsOtherCashDistributions":0,"netCashFlowFromFinancing":211000000,"netCashFlowFromInvesting":-460000000,"netCashFlowInvestmentAcquisitionsDisposals":-419000000,"netCashFlowFromOperations":211000000,"effectOfExchangeRateChangesOnCash":0,"netIncome":61000000,"netIncomeCommonStock":61000000,"netIncomeCommonStockUSD":61000000,"netLossIncomeFromDiscontinuedOperations":0,"netIncomeToNonControllingInterests":0,"profitMargin":0.03,"operatingExpenses":487000000,"operatingIncome":72000000,"tradeAndNonTradePayables":1061000000,"payoutRatio":0,"priceToBookValue":2.53,"priceEarnings":56.898,"priceToEarningsRatio":54.683,"propertyPlantEquipmentNet":684000000,"preferredDividendsIncomeStatementImpact":0,"sharePriceAdjustedClose":2.242,"priceSales":1.593,"priceToSalesRatio":1.54,"tradeAndNonTradeReceivables":629000000,"accumulatedRetainedEarningsDeficit":2564000000,"revenues":2014000000,"revenuesUSD":2014000000,"researchAndDevelopmentExpense":125000000,"shareBasedCompensation":10000000,"sellingGeneralAndAdministrativeExpense":354000000,"shareFactor":1,"shares":5430951092,"weightedAverageShares":5250322000,"weightedAverageSharesDiluted":5496694000,"salesPerShare":0.384,"tangibleAssetValue":7124000000,"taxAssets":227000000,"incomeTaxExpense":24000000,"taxLiabilities":256000000,"tangibleAssetsBookValuePerShare":1.357,"workingCapital":4131000000},{"ticker":"AAPL","period":"Q","calendarDate":"2004-09-30","reportPeriod":"2004-09-25","updated":"2020-05-01","dateKey":"2004-12-03","accumulatedOtherComprehensiveIncome":-15000000,"assets":8050000000,"assetsCurrent":7055000000,"assetsNonCurrent":995000000,"bookValuePerShare":0.945,"capitalExpenditure":-59000000,"cashAndEquivalents":2969000000,"cashAndEquivalentsUSD":2969000000,"costOfRevenue":1716000000,"consolidatedIncome":106000000,"currentRatio":2.632,"debtToEquityRatio":0.586,"debt":0,"debtCurrent":0,"debtNonCurrent":0,"debtUSD":0,"deferredRevenue":0,"depreciationAmortizationAndAccretion":40000000,"deposits":0,"dividendYield":0,"dividendsPerBasicCommonShare":0,"earningBeforeInterestTaxes":147000000,"earningsBeforeInterestTaxesDepreciationAmortization":187000000,"EBITDAMargin":0.08,"earningsBeforeInterestTaxesDepreciationAmortizationUSD":187000000,"earningBeforeInterestTaxesUSD":147000000,"earningsBeforeTax":147000000,"earningsPerBasicShare":0.02,"earningsPerDilutedShare":0.019,"earningsPerBasicShareUSD":0.02,"shareholdersEquity":5076000000,"shareholdersEquityUSD":5076000000,"enterpriseValue":22231182298,"enterpriseValueOverEBIT":58,"enterpriseValueOverEBITDA":41.71,"freeCashFlow":384000000,"freeCashFlowPerShare":0.072,"foreignCurrencyUSDExchangeRate":1,"grossProfit":634000000,"grossMargin":0.27,"goodwillAndIntangibleAssets":97000000,"interestExpense":0,"investedCapital":2304000000,"inventory":101000000,"investments":2495000000,"investmentsCurrent":2495000000,"investmentsNonCurrent":0,"totalLiabilities":2974000000,"currentLiabilities":2680000000,"liabilitiesNonCurrent":294000000,"marketCapitalization":25200182298,"netCashFlow":-151000000,"netCashFlowBusinessAcquisitionsDisposals":0,"issuanceEquityShares":108000000,"issuanceDebtSecurities":0,"paymentDividendsOtherCashDistributions":0,"netCashFlowFromFinancing":108000000,"netCashFlowFromInvesting":-702000000,"netCashFlowInvestmentAcquisitionsDisposals":-645000000,"netCashFlowFromOperations":443000000,"effectOfExchangeRateChangesOnCash":0,"netIncome":106000000,"netIncomeCommonStock":106000000,"netIncomeCommonStockUSD":106000000,"netLossIncomeFromDiscontinuedOperations":0,"netIncomeToNonControllingInterests":0,"profitMargin":0.045,"operatingExpenses":506000000,"operatingIncome":128000000,"tradeAndNonTradePayables":1451000000,"payoutRatio":0,"priceToBookValue":4.965,"priceEarnings":91.305,"priceToEarningsRatio":84.472,"propertyPlantEquipmentNet":707000000,"preferredDividendsIncomeStatementImpact":0,"sharePriceAdjustedClose":4.477,"priceSales":3.044,"priceToSalesRatio":2.813,"tradeAndNonTradeReceivables":774000000,"accumulatedRetainedEarningsDeficit":2670000000,"revenues":2350000000,"revenuesUSD":2350000000,"researchAndDevelopmentExpense":122000000,"shareBasedCompensation":10000000,"sellingGeneralAndAdministrativeExpense":379000000,"shareFactor":1,"shares":5628809984,"weightedAverageShares":5369588000,"weightedAverageSharesDiluted":5676538000,"salesPerShare":0.438,"tangibleAssetValue":7953000000,"taxAssets":231000000,"incomeTaxExpense":41000000,"taxLiabilities":294000000,"tangibleAssetsBookValuePerShare":1.481,"workingCapital":4375000000},{"ticker":"AAPL","period":"Q","calendarDate":"2004-12-31","reportPeriod":"2004-12-25","updated":"2020-05-01","dateKey":"2005-02-01","accumulatedOtherComprehensiveIncome":-3000000,"assets":9362000000,"assetsCurrent":8322000000,"assetsNonCurrent":1040000000,"bookValuePerShare":1.048,"capitalExpenditure":-58000000,"cashAndEquivalents":2475000000,"cashAndEquivalentsUSD":2475000000,"costOfRevenue":2494000000,"consolidatedIncome":295000000,"currentRatio":2.581,"debtToEquityRatio":0.617,"debt":0,"debtCurrent":0,"debtNonCurrent":0,"debtUSD":0,"deferredRevenue":0,"depreciationAmortizationAndAccretion":41000000,"deposits":0,"dividendYield":0,"dividendsPerBasicCommonShare":0,"earningBeforeInterestTaxes":429000000,"earningsBeforeInterestTaxesDepreciationAmortization":470000000,"EBITDAMargin":0.135,"earningsBeforeInterestTaxesDepreciationAmortizationUSD":470000000,"earningBeforeInterestTaxesUSD":429000000,"earningsBeforeTax":429000000,"earningsPerBasicShare":0.054,"earningsPerDilutedShare":0.05,"earningsPerBasicShareUSD":0.054,"shareholdersEquity":5790000000,"shareholdersEquityUSD":5790000000,"enterpriseValue":29203487426,"enterpriseValueOverEBIT":40,"enterpriseValueOverEBITDA":33.073,"freeCashFlow":717000000,"freeCashFlowPerShare":0.13,"foreignCurrencyUSDExchangeRate":1,"grossProfit":996000000,"grossMargin":0.285,"goodwillAndIntangibleAssets":96000000,"interestExpense":0,"investedCapital":3567000000,"inventory":156000000,"investments":3973000000,"investmentsCurrent":3973000000,"investmentsNonCurrent":0,"totalLiabilities":3572000000,"currentLiabilities":3224000000,"liabilitiesNonCurrent":348000000,"marketCapitalization":31678487426,"netCashFlow":-494000000,"netCashFlowBusinessAcquisitionsDisposals":0,"issuanceEquityShares":254000000,"issuanceDebtSecurities":0,"paymentDividendsOtherCashDistributions":0,"netCashFlowFromFinancing":254000000,"netCashFlowFromInvesting":-1523000000,"netCashFlowInvestmentAcquisitionsDisposals":-1478000000,"netCashFlowFromOperations":775000000,"effectOfExchangeRateChangesOnCash":0,"netIncome":295000000,"netIncomeCommonStock":295000000,"netIncomeCommonStockUSD":295000000,"netLossIncomeFromDiscontinuedOperations":0,"netIncomeToNonControllingInterests":0,"profitMargin":0.085,"operatingExpenses":593000000,"operatingIncome":403000000,"tradeAndNonTradePayables":1737000000,"payoutRatio":0,"priceToBookValue":5.471,"priceEarnings":62.359,"priceToEarningsRatio":58.915,"propertyPlantEquipmentNet":735000000,"preferredDividendsIncomeStatementImpact":0,"sharePriceAdjustedClose":5.538,"priceSales":3.245,"priceToSalesRatio":3.133,"tradeAndNonTradeReceivables":865000000,"accumulatedRetainedEarningsDeficit":2965000000,"revenues":3490000000,"revenuesUSD":3490000000,"researchAndDevelopmentExpense":123000000,"shareBasedCompensation":150000000,"sellingGeneralAndAdministrativeExpense":470000000,"shareFactor":1,"shares":5720203580,"weightedAverageShares":5523224000,"weightedAverageSharesDiluted":5867218000,"salesPerShare":0.632,"tangibleAssetValue":9266000000,"taxAssets":281000000,"incomeTaxExpense":134000000,"taxLiabilities":0,"tangibleAssetsBookValuePerShare":1.678,"workingCapital":5098000000}]}